1745 2916
776 183 822 190 ...
870 162 920 201 20
963 185 1010 193 -

158 262 225 296 hac
264 259 510 296 coniunctione
541 260 721 295 nofionem
745 239 923 306 quandam
945 261 1134 304 negantem
1156 260 1199 294 ut
1219 259 1315 294 idem
1340 259 1473 302 valeat,
1513 261 1608 306 quod

158 337 358 367 recusantes
380 332 484 376 ferre.

287 443 368 479 Non
392 453 471 478 raro
497 441 584 477 Hor.
608 439 789 476 adiectiois
815 452 907 488 quae
933 443 1016 477 sunt
1037 443 1161 486 aiynus
1186 443 1224 477 et
1247 442 1408 485 indimus
1430 439 1608 476 infinitum

159 511 334 558 apposuit.
391 512 504 546 Locos
545 510 616 545 huc
634 509 857 555 pertinentes
892 510 1117 556 complector.
1182 510 1239 546 Of.
1271 509 1375 555 epist.
1406 511 1429 545 Ι.
1454 509 1512 552 10,
1536 508 1604 545 48:

159 579 344 627 (pecunia)
379 580 538 626 (Torlum
567 580 673 623 digna
706 580 804 623 sequi
834 580 953 623 potius
978 589 1080 624 qaam
1104 581 1232 614 ducere·
1249 578 1392 624 sunem).
1455 577 1605 624 Saepius

158 651 225 686 hoc
251 649 319 685 adi.
343 649 411 685 inf.
435 648 569 695 passivi
592 648 711 684 habet.
764 648 819 684 Of.
846 659 877 684 c.
901 649 953 685 111.
978 647 1037 694 21,
1064 648 1108 686 6:
1136 649 1304 693 amphora
1326 649 1432 692 ἄρηα
1457 650 1602 691 moveri,

162 723 228 755 sat.
257 722 279 756 Ι.
302 719 337 763 5,
363 718 430 755 34:
460 721 583 763 diynus
608 720 746 760 ποίαν-ι’,
782 720 804 755 Ι.
834 719 869 762 4,
893 717 937 755 3:
971 721 1094 763 diqnus
1119 720 1278 762 describi,
1301 719 1352 754 ib.
1376 718 1445 754 25:
1482 721 1603 763 dignos

159 791 314 833 «culpari,-
370 787 425 831 16,
454 787 523 823 72:
546 789 652 832 diana
674 788 759 832 lem}
808 799 838 823 a.
864 799 899 834 p.
927 785 1017 823 284:
1044 789 1184 832 dianam
1208 790 1293 831 reqi.
1323 787 1384 824 ib.
1411 785 1499 824 183:
1533 799 1603 823 non

157 865 270 892 tamen
296 860 390 892 imus
417 860 524 900 digna
547 859 625 900 geri
643 868 781 900 promes
804 861 842 892 in
868 868 1041 892 caroenum.
1079 857 1229 892 Duobus
1251 856 1339 891 locis
1358 856 1426 891 adi.
1439 858 1603 900 indignus

153 925 291 962 infinito
334 925 440 962 activi
480 924 641 960 additum
681 925 882 961 invenimus
926 924 997 969 ita,
1052 928 1094 961 ut
1125 924 1204 960 eius
1238 923 1448 969 significatio
1479 924 1599 970 paullo

151 997 286 1030 mutata
316 995 487 1030 videatur.
549 994 606 1029 Cf.
631 995 733 1039 epist.
760 996 783 1028 1.
807 994 842 1037 3,
873 993 941 1030 352
1001 995 1119 1029 vivitis
1144 996 1278 1037 indiam·
1300 982 1492 1038 fraternum
1513 1005 1601 1028 rum-

148 1074 232 1107 pere
255 1065 389 1109 foedus.
439 1064 596 1109 Apparet
620 1062 715 1098 enim
739 1063 806 1098 hoc
830 1062 907 1098 loco
930 1064 1109 1108 indiqnum
1133 1074 1206 1097 esse
1231 1061 1328 1098 idem
1349 1061 1478 1105 valere,
1506 1063 1602 1110 quod

149 1145 219 1167 non
245 1134 374 1176 decere,
399 1132 522 1179 itaque
552 1132 691 1176 indigni
712 1132 773 1167 hic
797 1132 904 1176 idem,
925 1133 1021 1179 quod
1045 1143 1130 1177 quos
1151 1144 1221 1166 non
1247 1134 1349 1168 decet.
1399 1132 1492 1167 Idem
1506 1117 1601 1167 cadit

148 1202 187 1237 in
212 1202 278 1237 loc.
299 1214 333 1240 a.
358 1214 393 1248 p.
419 1200 512 1238 231:
566 1202 715 1247 Effulire
738 1203 827 1236 leves
848 1203 993 1246 indigna
1020 1203 1201 1246 tragoedia
1225 1212 1367 1245 versus,
1409 1200 1435 1239 i.
1456 1213 1494 1236 e:
1519 1202 1600 1251 Non

156 1271 259 1307 decet
292 1271 366 1306 sive
389 1270 577 1315 indignum
604 1273 660 1305 est
681 1270 898 1315 tragoediam
920 1270 1018 1306 leves
1043 1282 1165 1306 versus
1189 1270 1342 1306 effutire.
1393 1270 1459 1305 Est
1481 1272 1600 1305 autem

147 1341 210 1377 hic
228 1353 316 1376 usus
343 1341 558 1377 Graecorum
582 1339 726 1375 dicendi
751 1339 999 1376 consuetudini
1024 1339 1167 1380 similis,
1209 1351 1280 1387 qua
1301 1339 1534 1386 personalem,
1557 1342 1599 1374 ut

146 1410 197 1444 ita
219 1410 346 1452 dicam,
370 1408 667 1444 constructionem
692 1420 755 1453 pro
779 1408 1007 1454 impersonali
1030 1408 1270 1443 adhibuerint.
1311 1409 1368 1444 Cf.
1386 1408 1519 1452 Krueg.
1544 1419 1595 1452 gr.

148 1479 209 1514 Gr.
234 1480 257 1513 1.
289 1477 322 1526 ξ.
347 1477 405 1522 55,
432 1477 453 1514 3
480 1490 514 1514 n.
542 1477 565 1513 7
590 1480 627 1513 et
654 1477 698 1513 10
722 1477 930 1525 Bernhardy
949 1490 985 1524 p.
1008 1477 1091 1515 467.
1140 1477 1286 1531 Antiph.
1328 1478 1382 1514 111.
1407 1475 1441 1521 3,
1469 1477 1513 1514 10
1541 1476 1595 1514 11.

144 1550 308 1583 Democc.
335 1549 422 1585 Mid.
457 1547 515 1590 34,
546 1547 624 1590 100,
654 1547 734 1590 142,
763 1547 842 1590 169,
867 1547 958 1589 211;
984 1549 1029 1583 de
1053 1559 1123 1583 cor.
1148 1548 1193 1588 4;
1223 1547 1389 1588 Aristocr,
1411 1548 1471 1583 55.
1493 1548 1594 1582 'rhu-

145 1618 213 1665 cyd
237 1617 296 1662 40,
317 1616 351 1654 3.

278 1713 350 1747 Sed
375 1724 486 1758 quum
505 1712 722 1746 Graecorum
735 1711 886 1746 imitatio
900 1713 977 1745 tum
996 1711 1103 1745 efiam
1130 1723 1175 1746 ea
1192 1711 1333 1746 dicendi
1345 1711 1436 1747 ratio
1455 1711 1594 1747 videtur

145 1782 298 1817 multum
330 1780 495 1817 attulisse
523 1781 570 1816 ad
603 1779 712 1815 huius
749 1779 999 1816 adjectivorum
1029 1792 1110 1816 cum
1140 1779 1290 1816 infinitis
1328 1780 1592 1817 coniunctorum

144 1863 231 1886 usus
251 1851 342 1887 fines
367 1851 628 1897 propagandos,
654 1860 726 1896 qua
750 1851 876 1895 poetae
899 1852 1037 1886 veteres
1055 1850 1267 1886 adieetivum
1285 1862 1417 1896 ponere
1432 1851 1593 1887 solebant

143 1931 207 1966 pro
237 1919 414 1955 adverbio.
468 1920 522 1955 cf.
547 1919 634 1955 Hor.
661 1930 693 1954 c.
718 1920 742 1954 1.
767 1917 802 1961 2,
821 1918 885 1961 453
929 1920 965 1954 11.
993 1918 1027 1962 5,
1049 1918 1117 1963 20;
1138 1918 1197 1963 13,
1225 1919 1268 1963 73
1294 1922 1360 1956 sat.
1382 1921 1421 1958 11.
1448 1919 1482 1964 6,
1503 1920 1590 1962 100;

142 1989 240 2023 Reis.
269 1988 300 2034 ἕ.
325 1987 416 2030 225;
450 1988 551 2023 Kritz
577 1989 622 2022 ad
646 1987 717 2022 Sal.
739 1989 809 2032 lug.
836 1987 894 2032 26,
920 1988 954 2025 5.
1014 1989 1155 2024 Etenim
1176 1991 1361 2025 verborum
1380 1990 1589 2033 coniunctio,

144 2068 237 2105 quae
264 2059 321 2093 est
348 2059 505 2092 Fortuna
527 2060 644 2093 ludere
665 2060 850 2102 perlinam,
887 2059 963 2094 fere
985 2058 1081 2095 idem
1103 2059 1199 2095 valet
1221 2060 1317 2107 quod
1340 2061 1495 2095 Fortuna
1510 2071 1589 2105 per-

139 2130 307 2162 tinaciaeer
334 2129 470 2170 ludens,
497 2139 603 2174 quam
629 2138 705 2162 rem
729 2127 883 2164 breviter
906 2128 1027 2173 attigit
1051 2128 1208 2164 Orellius
1232 2129 1288 2165 ad.
1316 2140 1345 2165 c.
1369 2130 1423 2165 ΙΙΙ.
1446 2128 1505 2173 29,
1531 2129 1588 2165 50.

140 2199 310 2233 Attamen
348 2196 538 2232 discrimen
572 2196 665 2233 inter
699 2197 857 2233 adverbii
891 2200 928 2234 et
963 2198 1128 2234 adiectivi
1162 2210 1269 2234 usum
1286 2199 1507 2234 intercedere
1533 2198 1587 2234 vi-

143 2266 231 2302 dent
254 2278 388 2302 omnes.
440 2266 502 2301 lllo
527 2265 624 2301 enim
648 2266 843 2310 actionem,
878 2267 945 2302 hoc
973 2267 1182 2314 qualitatem
1206 2268 1357 2303 subiecti
1381 2270 1588 2314 perpetuam

138 2335 251 2380 magis
277 2335 423 2380 urgueri
449 2338 728 2371 consentaneum
744 2338 812 2372 est.
874 2337 926 2372 Eo
950 2337 1053 2373 modo
1078 2338 1205 2384 poetae
1231 2336 1352 2372 Latini
1377 2336 1588 2372 adjectivum

134 2408 257 2450 facilis
283 2417 364 2441 cum
390 2406 530 2441 infinito
555 2406 706 2451 iungere
730 2406 911 2442 solebant:
935 2407 1046 2443 veluti
1065 2408 1166 2452 Prop.
1197 2409 1220 2441 1.
1251 2406 1306 2450 11,
1336 2406 1398 2441 11:
1434 2408 1587 2450 Lympha

138 2475 260 2518 facilis
302 2476 420 2509 cedere
467 2474 491 2509 i.
512 2486 543 2510 e.
579 2477 686 2520 facile
721 2477 854 2510 cedens.
909 2474 1014 2514 Quod
1041 2475 1253 2512 adiectivum
1277 2488 1348 2512 non
1366 2476 1475 2512 habet
1499 2476 1585 2511 Hor.

136 2542 189 2578 ita
211 2546 441 2589 usurpatum,
482 2544 575 2580 aliae
607 2547 727 2581 autem
763 2545 948 2581 verborum
972 2545 1253 2582 consociationes
1279 2546 1330 2582 ita
1354 2546 1586 2592 explicandae

136 2614 230 2648 sunt.
287 2613 380 2649 Nam
411 2613 572 2660 proxime
603 2614 741 2650 accedit
765 2615 811 2650 ad
834 2614 1000 2652 adiectivi
1023 2617 1144 2661 facilis
1168 2614 1348 2651 notionem
1374 2614 1586 2651 adieetivum
