1745 2916
161 278 287 315 ultimo
308 279 454 314 verbum
475 279 619 325 aliquot!
642 271 805 315 mnibus
831 284 1014 315 comme
1039 288 1106 325 per
1127 280 1277 324 figuram
1292 275 1367 315 ἆπὸ
1383 263 1517 315 notum?
1539 288 1601 321 po-

157 348 266 395 nitur,
290 347 335 381 ab
353 346 500 382 Horatio
514 347 792 393 coniungam:
837 349 914 384 Iam
934 348 1182 385 disserendum·
1201 345 1274 383 erit
1294 347 1341 382 de
1361 345 1478 382 verbis
1498 344 1599 391 ipsis,

159 416 257 464 quae·
278 416 320 452 eo
342 412 447 452 niodo
470 414 697 453 collocentur.
765 418 812 454 'In
837 426 915 466 ‘quo
940 417 1164 465 mexemplu
1188 417 1326 460 nmmo,
1358 426 1451 464 quae
1473 415 1546 451 iam
1559 414 1599 449 in

156 485 409 533 particularum
431 495 495 531 que
516 497 556 521 ve
569 498 611 521 ne
631 487 861 524 collocatione
882 488 1097 536 exploranda
1126 488 1393 523 commemorata
1418 487 1513 522 sunt.

278 575 444 622 Incipiam
467 588 488 611 a
512 577 752 621 substantivis,
776 578 873 626 quae
891 578 969 614 raro
985 577 1038 614 'ab
1063 579 1148 615 Hor.
1180 577 1231 614 ita
1257 575 1472 614 collocantur
1502 576 1597 621 (vide

156 657 190 691 p.
217 644 292 692 54.)
340 644 544 682 Subiectum
564 657 605 681 eo
630 646 732 682 modo
756 630 911 693 positum
935 650 999 684 sat.
1027 647 1050 692 Ι,
1075 648 1108 691 6,
1131 647 1197 690 65:

364 701 367 711 Ζ
440 714 549 761 Atqui
574 714 605 749 si
631 713 727 751 vitiis
750 709 984 752 mediocribus
1009 728 1050 752 ac
1076 728 1151 752 mea
1176 713 1300 763 paucis

442 777 610 819 Mendosa
635 785 691 819 est
716 792 853 827 natura,

155 845 259 898 epist.
282 851 329 895 11,
354 850 388 895 2,
415 851 481 887 73:
507 836 663 899 Torquet
687 864 781 888 nunc
802 851 966 900 lapidem,
1003 855 1241 898 nuno-ingens
1266 850 1425 888 machina
1448 850 1596 896 tignum.

154 933 185 957 a.
209 933 243 966 p.
269 920 361 957 200:
387 922 543 968 deosque
563 925 749 967 praecetur
777 926 814 958 et
839 925 923 966 oret,
950 923 998 958 Ut
1021 922 1144 958 redeat
1166 918 1304 957 miseris
1331 923 1435 957 abeat
1452 924 1594 966 fortuna

154 990 331 1035 superbis.¹
379 990 432 1025 Cf.
459 990 566 1025 etiam
589 991 658 1026 luv.
684 990 718 1034 6,
747 989 833 1033 1773
860 990 915 1033 10,
940 990 1024 1027 310.
1103 989 1290 1026 Obiectum
1328 1002 1370 1025 eo
1398 991 1500 1025 modo
1525 1001 1595 1024 non

154 1058 342 1094 collocasse
369 1059 507 1094 videtur
530 1057 708 1094 Horatius.
760 1058 814 1094 cf.
839 1062 957 1095 autem
984 1058 1114 1094 Tibull.
1142 1061 1165 1102 1,
1190 1060 1225 1102 5,
1253 1058 1319 1095 34:

401 1127 447 1162 Et
470 1129 608 1163 tantum
627 1122 791 1163 venerata
812 1127 926 1163 virum
950 1128 1045 1163 hunc
1070 1126 1193 1163 sedula
1219 1126 1319 1162 curet

404 1196 499 1231 Huic
523 1198 625 1242 paret
650 1198 757 1243 atque
782 1198 900 1241 epulas
923 1196 1001 1242 ipsa
1015 1193 1191 1232 ‘ministra
1215 1199 1324 1240 gerat.

281 1285 431 1332 Saepius
458 1286 644 1332 verborum
673 1286 806 1322 formae
840 1288 1023 1322 servantur
1057 1286 1161 1322 alteri
1193 1286 1347 1337 membro
1370 1284 1432 1332 (cf.
1458 1297 1492 1330 p.
1520 1284 1593 1330 54.)

201 1354 272 1390 Sat.
300 1356 323 1398 Ι,
349 1354 383 1399 3,
406 1354 472 1392 61:
500 1354 563 1392 ubi
590 1367 690 1392 acres
714 1355 852 1391 Invidia
879 1357 985 1403 atque
1012 1358 1126 1405 viqem
1158 1355 1221 1390 ubi
1247 1354 1404 1398 crimina,

304 1436 333 1460 c.
360 1426 382 1467 1,
410 1423 466 1467 16,
492 1424 536 1460 4:
565 1424 645 1460 Sive
668 1425 809 1461 flamma
834 1425 907 1461 sive
932 1425 1022 1460 mari
1053 1426 1132 1459 libet
1155 1424 1348 1467 Hadriano,

302 1505 330 1528 c.
355 1494 402 1536 H,
431 1492 485 1536 12,
511 1492 575 1529 12:
603 1494 684 1530 Sive
706 1505 808 1538 reges
833 1494 906 1534 sive
931 1494 1054 1539 inopes
1078 1496 1202 1529 erimus
1229 1493 1344 1529 coloni
1365 1493 1482 1539 (epist.
1509 1494 1536 1536 Ι,
1561 1492 1596 1536 6,

426 1562 491 1606 44;
514 1574 545 1598 a.
567 1575 602 1609 p.
631 1561 692 1605 18;
719 1575 747 1598 c.
774 1563 842 1606 ΠΙ,
867 1562 902 1606 4,
928 1561 1003 1610 22.)
1266 1611 1270 1614 .

303 1643 330 1666 c.
356 1633 407 1674 111,
433 1630 526 1667 252:
552 1644 642 1678 quae
669 1643 813 1668 nemora
825 1634 888 1667 aut
901 1644 990 1678 quos
1010 1643 1096 1676 auor
1112 1635 1150 1667 in
1172 1631 1322 1679 specus?
1347 1632 1392 1666 de
1408 1643 1477 1677 quo
1492 1642 1595 1667 versu

149 1699 230 1735 vide
253 1699 349 1735 infra
376 1711 411 1746 p.
439 1698 497 1735 58.
1479 1683 1483 1687 ”

199 1771 265 1806 sat,
292 1769 320 1811 I,
348 1768 383 1811 4,
410 1767 476 1803 77:
499 1780 585 1803 num
606 1767 686 1803 ,sine
709 1779 817 1802 sensu
840 1767 1011 1818 Tempore
1034 1779 1121 1802 num
1142 1769 1277 1812 faciant
1291 1767 1430 1804 alieno.

292 1838 328 1881 ΙΙ,
355 1835 389 1881 3,
418 1836 506 1873 104:
533 1837 615 1872 Non
637 1835 701 1871 ille
730 1838 793 1872 aut
810 1836 986 1873 Teucrum
1010 1839 1072 1884 aut
1091 1836 1209 1883 ipsum
1224 1838 1367 1872 violavit
1376 1836 1515 1873 Ulixen.
1539 1837 1593 1872 Cf.

200 1910 263 1943 sat.
288 1909 311 1951 1,
336 1907 371 1950 4,
399 1905 488 1943 108:
513 1918 628 1952 parce,
652 1906 841 1951 frugaliter
867 1909 974 1954 atque
1005 1908 1153 1942 Viverem
1174 1909 1226 1942 uli
1248 1909 1444 1943 contentus.

289 1978 311 2020 Ι,
334 1975 368 2020 9,
393 1975 460 2012 51:
486 1975 603 2012 Ditior
625 1975 685 2011 hie
710 1977 846 2026 aut-esc
871 1977 954 2020 quia
978 1975 1120 2026 doctior.

151 2046 367 2082 Infinitivum
379 2046 445 2082 hoc
469 2045 573 2081 modo
596 2044 780 2082 collocavit
803 2057 875 2081 non
895 2045 1019 2092 paucis
1044 2045 1132 2082 locis
1155 2045 1240 2081 Hor.
1267 2045 1321 2080 Cf.
1338 2048 1393 2080 sat
1415 2046 1444 2088 I,
1465 2045 1499 2088 5,
1523 2045 1590 2081 49:

150 2115 312 2163 Namque
333 2098 534 2162 pila-lippis
559 2112 742 2151 inimicum
766 2116 803 2150 et
826 2116 942 2150 ludere
976 2114 1105 2153 crudis.

201 2196 230 2219 o.
252 2185 281 2227 I,
309 2182 363 2227 12,
387 2182 454 2218 25:
478 2183 604 2219 Dicam
628 2185 675 2234 ct¹
688 2183 838 2219 Alciden
862 2195 1063 2231 puerosque
1088 2185 1208 2220 Ledae

478 2252 584 2288 Hunc
609 2252 722 2300 equis,
747 2252 851 2290 illum
874 2264 1039 2299 superare
1059 2254 1188 2300 pugnis
1213 2253 1385 2289 Nobilem.

154 2323 209 2360 cf.
237 2324 301 2359 sat.
336 2322 367 2365 Ι,
394 2319 428 2365 8,
448 2319 507 2365 34,
531 2322 580 2365 11,
601 2320 637 2366 2,
662 2321 729 2365 223
754 2324 803 2367 H,
832 2323 863 2367 1,
887 2323 952 2360 16:
1007 2323 1161 2360 Attamen
1190 2329 1223 2358 el
1255 2325 1380 2358 iustum
1400 2329 1591 2366 poteras

152 2398 184 2436 et
211 2393 411 2426 scribere
434 2392 567 2436 fortem.

275 2483 430 2521 Maxime
453 2488 573 2521 autem
596 2485 824 2521 memorabile
845 2487 913 2528 ost,
926 2484 968 2520 vsi
994 2485 1091 2520 verbi
1113 2485 1233 2528 forma,
1254 2495 1346 2532 quae
1369 2495 1476 2532 quem
1500 2485 1591 2521 auo-

154 2555 284 2603 queris,
307 2554 420 2591 veluti
438 2555 595 2590 secunda
618 2565 788 2601 persona,
818 2556 881 2590 aut
912 2554 1146 2600 imperativus·
1173 2554 1276 2590 alteri
1304 2555 1475 2591 orationis
1498 2555 1593 2602 puni

153 2626 386 2662 reserventur.
434 2623 538 2660 mm
558 2625 675 2661 habos
689 2621 756 2661 m
776 2625 828 2668 Π,
846 2623 883 2668 3,
922 2622 1007 2659 175:
