1745 2916
128 276 315 311 Praeterea
341 276 386 310 cf.
413 276 457 311 de
481 286 600 322 praep.
625 277 662 311 iu
688 287 717 312 c.
742 287 813 311 acc.
846 275 898 311 ita
933 275 1048 322 posita
1084 274 1211 311 eatan.
1245 274 1304 317 32,
1338 274 1378 316 53
1414 275 1517 309 Lucr.
1543 275 1578 315 4,

132 343 219 386 1453
245 345 353 389 Verg.
378 347 466 379 Aen.
492 344 527 387 6,
548 343 636 386 6923
674 345 777 391 Soph.
808 344 901 379 Aiax
931 343 1002 381 399
1042 344 1089 379 ib.
1127 343 1395 385 Selmeidewim
1430 344 1519 379 Oed.
1553 355 1580 377 r.

129 412 219 457 6373
247 415 285 460 ia
310 413 415 449 ablat.
440 415 488 448 ita
512 413 666 459 positum
684 415 740 449 est
763 413 862 449 Ovid.
893 415 974 448 met.
1002 412 1035 456 7,
1060 411 1146 454 7082
1176 411 1228 456 12,
1256 411 1332 448 124.

259 482 423 528 Praepos.
459 494 532 517 cum
556 481 631 519 ἆπό
661 485 794 520 κοινοῦ
824 482 975 529 positam
1007 481 1205 518 invenimus
1238 481 1339 528 epist.
1369 483 1417 525 H,
1453 481 1484 524 1,
1509 480 1575 517 25:

136 551 192 585 Vel
219 551 340 586 Gabiis
364 554 417 586 vel
443 563 532 585 cam
557 553 681 596 riyidis
710 558 856 596 aequata
880 552 1020 586 Sabinis
1048 550 1237 596 (foedera),
1261 551 1490 598 quemlocum
1505 562 1574 586 om·

133 630 198 655 nes
220 620 296 655 fere
319 619 529 666 interpretes
555 620 606 656 ita
638 620 827 667 explicant,
862 623 903 655 ut
936 619 1057 655 Gabiis
1088 619 1136 655 sit
1161 631 1234 654 cum
1259 620 1393 663 Gabiis,
1430 632 1575 667 praepo-

136 688 300 724 sitionem
325 701 399 724 cum
424 700 470 724 ex
493 689 634 734 legibus
660 691 794 735 figurae
821 692 960 725 nostrae
983 689 1213 724 retrahentes.
1273 689 1342 724 Sed
1375 688 1575 724 Schmidius

128 761 165 793 et
189 758 353 793 Haudius
379 759 497 802 (Turs.
523 759 568 793 ΙΙ.
597 771 631 804 p.
646 757 743 804 168.)
778 758 986 801 Marcilium,
1011 758 1125 800 credo,
1151 757 1275 800 secuti,
1304 758 1426 793 Gabiis
1441 759 1574 793 habent

127 838 191 872 pro
218 826 287 862 abl.
309 826 378 863 loci
405 829 442 862 et
466 826 645 873 explicant
670 829 792 873 foedas
834 827 954 862 Gabiis
981 830 1091 870 ictum,
1126 828 1170 862 de
1195 839 1264 874 quo
1290 827 1431 873 copiose
1453 830 1574 864 narrat

127 896 230 930 Dion.
265 893 355 941 ΗεΞΙ,κ
373 896 408 938 4,
432 894 489 931 58.
535 897 605 930 Sed
633 897 694 942 qui
720 896 925 940 multiplicis
960 907 1067 948 usne,
1105 908 1209 941 quem
1240 896 1349 930 habet
1373 897 1467 941 apud
1488 897 1572 931 Hor.

128 961 201 1002 ἆπὸ
227 968 359 1001 κοινοῦ
383 965 534 1007 schema,
562 964 771 1006 meminerit,
802 965 834 999 is
865 966 997 1000 tantam
1024 964 1283 999 accurationem
1311 964 1512 1000 historicam
1533 965 1576 1000 in·

131 1033 243 1069 nostri
260 1035 384 1078 poetae
409 1044 528 1068 versus
552 1045 624 1068 non
647 1033 777 1068 inferet
831 1033 1037 1068 CfsAesch.
1065 1036 1153 1078 sept.
1187 1033 1226 1067 in
1252 1034 1316 1067 Th.
1340 1033 1572 1079 4507290610-

128 1105 255 1150 τηρίας
296 1100 513 1150 Ἀρτέμιδος
544 1099 725 1139 εὖνοίαισι
757 1100 825 1138 <niv
853 1099 1004 1145 τ’ἕίλλοις
1027 1107 1142 1145 θεοῖς-

251 1171 433 1217 Exemplis
466 1171 522 1206 his
555 1171 660 1206 variis
696 1171 917 1217 perlustratis
953 1182 1022 1205 non
1054 1171 1206 1205 alienum
1229 1172 1368 1206 videtur
1390 1183 1570 1218 quaerere,

128 1254 197 1289 quo
226 1227 371 1277 consilio
400 1241 467 1276 hac
490 1241 603 1286 figura
627 1243 753 1287 poetae
778 1239 850 1276 sint
872 1240 939 1276 usi.
983 1239 1157 1276 Videntur
1170 1240 1269 1283 mihi,
1296 1252 1404 1288 quum
1425 1241 1571 1277 verbum

127 1311 270 1357 aliquod
308 1311 445 1345 duobus
479 1309 645 1344 membris
678 1309 852 1344 enuntiati
881 1321 1079 1351 commune,
1114 1309 1216 1344 alteri
1252 1313 1432 1344 servarent
1463 1311 1571 1345 animi

127 1380 301 1426 quandam
336 1378 615 1425 expectationem
648 1389 786 1414 movere
814 1378 978 1414 voluisse.
1055 1378 1196 1413 Etenim
1229 1378 1260 1413 si
1290 1378 1341 1422 is;
1377 1379 1438 1425 qui
1469 1379 1568 1424 legit,

126 1444 290 1493 priorem'
316 1447 483 1483 orationis
515 1450 650 1493 partem
691 1447 886 1493 inspexerit
916 1446 1202 1493 intellexeritque
1239 1447 1383 1482 verbum
1426 1447 1570 1494 aliquod

126 1518 171 1553 ad
197 1529 339 1552 sensum
363 1517 433 1552 loci
458 1513 824 1563 comprehendendum
850 1516 984 1558 deesse,
1022 1527 1064 1551 eo
1088 1516 1199 1560 magis
1224 1516 1426 1562 properabit
1453 1518 1499 1552 ad
1520 1517 1569 1552 al-

127 1592 236 1621 teram
261 1590 395 1632 partem
419 1588 526 1632 atque
550 1586 595 1619 ad
617 1585 656 1620 id
679 1586 833 1627 verbum,
869 1586 962 1631 quod
987 1585 1021 1619 ei
1044 1585 1168 1619 deesse
1193 1585 1388 1620 videbatur.
1425 1586 1504 1624 Qua
1529 1598 1568 1621 re

126 1657 176 1698 fit,
203 1658 244 1690 ut
267 1655 357 1690 illud
382 1655 499 1700 ipsum
522 1654 686 1696 verbum,
724 1654 818 1700 quod
857 1653 895 1688 in
926 1653 1036 1689 altera
1064 1657 1164 1699 parte
1200 1654 1310 1689 semel
1335 1655 1490 1700 positum
1514 1659 1570 1691 est

126 1725 291 1760 maiorem
326 1724 397 1759 vim
430 1726 537 1770 atque
567 1724 703 1768 pondus
746 1722 915 1758 lucretur.
990 1722 1090 1761 Quae
1129 1723 1306 1759 sententia
1337 1735 1378 1759 eo
1402 1725 1567 1767 firmatur,

128 1795 221 1840 quod
245 1794 290 1828 iis
313 1792 502 1834 vocabulis,
535 1803 625 1838 quae
660 1804 700 1827 eo
724 1792 826 1827 modo
853 1794 1034 1827 servantur
1066 1792 1168 1828 alteri
1207 1793 1372 1828 orationis
1402 1794 1566 1835 membro,

127 1862 321 1909 particulae
349 1873 421 1906 que,
447 1873 499 1904 ve,
521 1873 563 1895 ne
590 1860 830 1896 encliticamm
854 1861 966 1896 instar
992 1861 1137 1906 adiungi
1165 1861 1287 1897 solent.
1334 1862 1376 1897 Id
1402 1862 1495 1897 enim
1509 1875 1567 1909 ap-

126 1935 228 1978 paret
283 1931 490 1967 vocabulum
546 1931 689 1977 aliquod
739 1932 928 1966 accedente
989 1931 1162 1976 particula
1213 1931 1377 1966 enclitica
1427 1935 1567 1966 auctum

126 2001 292 2037 maiorem
326 2001 500 2048 quandam
540 2000 611 2035 vim
646 2000 923 2048 gravitatemque
956 2000 1124 2046 accipere.
1202 2000 1315 2039 Quam
1355 2002 1473 2035 autem
1512 2000 1564 2035 in-

126 2074 181 2106 ter
205 2070 370 2106 orationis
404 2072 524 2115 partes
557 2070 776 2105 intercedere
802 2069 967 2105 volebant
987 2076 1112 2115 poetae
1147 2069 1267 2104 Latini
1308 2069 1565 2104 sententiarum

126 2139 317 2182 rationem,
343 2151 421 2175 eam
445 2139 562 2182 etiam,
588 2141 734 2175 externa
761 2139 927 2174 orationis
961 2139 1073 2174 forma
1108 2139 1200 2174 clare
1235 2138 1484 2185 eleganterque
1511 2138 1564 2173 in-

128 2209 245 2244 dicare
263 2209 464 2244 studebant.
