1745 2916
756 182 980 218 ..4-

140 276 264 313 Atrida
282 279 345 313 sat.
371 277 417 321 11,
443 275 477 320 3,
503 274 582 313 186.
630 275 823 313 Nominum
846 276 1062 313 Graeeorum
1094 275 1135 312 in
1160 274 1475 320 numinensium
1495 285 1590 313 nom·

139 362 191 391 ος
214 348 251 383 et
279 358 394 383 aoous.
415 362 468 385 ον
505 346 583 382 fere
608 357 748 393 semper
784 346 824 382 in
864 346 1079 383 carminibus
1102 344 1345 385 ‚inveniuntur
1385 345 1438 381 ita
1459 347 1590 388 tamen,

142 418 184 451 ut
209 415 318 451 etiam
341 416 475 458 formae
498 414 631 451 latinae
657 417 811 458 exstent,
837 427 925 463 quas
950 415 1110 462 praefert
1129 414 1170 450 in
1193 417 1260 451 sat.
1284 416 1322 450 et
1347 414 1455 460 epist.
1483 413 1538 449 ef.
1558 425 1589 449 o.

141 485 188 528 11,
216 484 272 528 14,
295 484 353 521 20.
378 486 444 528 ΙΠ,
470 483 528 520 28.
552 485 612 520 fin.
685 483 837 520 Nomina
858 484 899 520 in
923 483 985 530 εύς
1007 484 1059 521 ita
1077 485 1246 529 uam-pat,
1272 485 1314 519 ut
1337 494 1431 519 nom.
1456 482 1505 518 εἰι
1519 493 1590 526 eus,

140 566 249 590 unam
269 554 443 601 syllabam
462 553 641 597 efficiens,
678 555 788 590 vooat.
813 565 875 596 eu,-
908 553 1065 590 dativum
1087 565 1160 590 uno
1192 553 1270 590 looo
1295 563 1352 589 me
1376 552 1496 598 legere
1519 563 1592 587 me-

140 624 249 659 mini:
277 635 306 660 c.
328 625 357 667 I,
380 623 439 667 24,
462 623 525 658 15:
553 624 717 668 Orpheae
767 623 959 662 Nominum
982 623 1109 660 tertiae
1125 622 1260 659 deelin.
1285 622 1438 659 Graecas
1461 622 1594 658 formas

140 694 300 739 praefert
323 694 430 739 poeta
453 691 598 739 ubique,
623 692 677 728 ita
695 693 825 735 tamen,
848 695 891 728 ut
912 692 1062 737 genitivi
1084 693 1233 729 formam
1260 707 1303 736 ος
1324 703 1507 738 nunquam
1528 688 1592 729 ad-

143 762 276 798 hibeat.
305 762 360 797 Of.
383 774 490 798 earm.
518 763 548 805 I,
573 759 606 804 8,
631 761 685 797 14.
710 762 774 805 IV,
799 761 833 806 6,
849 761 892 798 6:
921 763 1095 804 Tluetiain
1119 761 1195 805 1,4,
1224 761 1262 797 1:
1286 760 1460 802 Atlantis,-
1485 759 1589 806 epist.

142 833 170 875 Ι,
197 831 232 874 2,
258 831 302 867 6:
328 832 479 866 Paridis.
523 831 578 866 cf.
605 831 712 866 etiam
736 843 815 876 gen.
843 831 990 866 Achilles·
1013 843 1043 866 e.
1069 832 1107 874 1,
1144 830 1210 874 15..
1240 830 1306 871 34;
1345 830 1496 873 Alyattei
1522 829 1589 871 ΙΙΙ,

149 900 204 944 16,
228 900 298 942 41:
329 902 444 936 Utioeei
472 901 501 940 Ι.
528 899 563 943 6,
589 899 633 944 75
661 900 761 946 epod.
791 899 849 944 16,
875 898 942 942 60;
973 899 1029 944 17,
1059 899 1122 942 16;
1153 901 1248 935 [Junci
1280 898 1384 945 epist.
1409 898 1439 941 I,
1463 897 1498 941 6,
1523 896 1590 941 635

142 970 175 1014 7,
200 970 259 1007 40.
308 970 364 1006 De
391 982 460 1017 quo
486 981 565 1014 gen.
594 968 675 1006 vide
700 969 806 1006 Klotz
831 970 877 1005 ad
902 969 978 1006 Cio.
1005 970 1108 1005 Tusa.
1129 970 1196 1012 ΙΠ,
1225 968 1282 1012 10,
1306 967 1373 1004 21:
1403 968 1518 1004 Madv.
1545 968 1590 1003 de

143 1041 203 1076 fin.
232 1039 267 1082 5,
292 1039 328 1083 5,
357 1038 422 1081 12,·
460 1040 619 1083 Wagner
645 1039 691 1074 ad
718 1039 818 1084 Virg.
841 1041 928 1075 Aen.
954 1040 984 1082 I,
1010 1038 1078 1081 30,-
1116 1039 1248 1084 Krueg.
1275 1050 1325 1083 gr.
1357 1038 1381 1073 1.
1407 1050 1441 1084 p.
1467 1036 1537 1073 215
1554 1039 1591 1073 et

141 1108 226 1145 268.
275 1108 331 1144 De
357 1107 512 1144 ablafivo
544 1107 675 1143 Achille
703 1107 786 1153 (sat.
813 1108 868 1151 ΙΙ,
904 1107 940 1153 3,
970 1106 1065 1154 193.)
1101 1108 1146 1144 ef.
1173 1108 1316 1143 Lachm.
1341 1108 1444 1143 Luer.
1472 1118 1508 1152 p.
1530 1105 1589 1142 49.

142 1177 342 1214 Aeousativi
359 1179 396 1213 et
421 1177 512 1221 sing.
543 1178 580 1212 et
605 1176 698 1223 plur.
729 1177 806 1212 fere
831 1187 970 1223 semper
993 1180 1078 1213 sunt
1114 1177 1240 1213 Graeci
1266 1176 1305 1212 in
1338 1188 1362 1212 π
1387 1188 1410 1211 a
1434 1187 1475 1212 as
1499 1175 1591 1212 desi-

141 1249 277 1282 nentes.
328 1246 383 1281 cf.
405 1245 561 1291 exempli
585 1256 703 1289 eausa,
723 1248 765 1281 ut
788 1246 833 1281 de
859 1246 1073 1282 carminibus
1096 1249 1245 1289 taceam,
1276 1248 1340 1282 sat.
1370 1246 1418 1289 11,
1441 1245 1477 1286 3,
1509 1244 1589 1289 112,

145 1315 225 1361 197,
249 1315 469 1362 204,·¹epist.
495 1316 524 1359 Ι,
552 1314 607 1359 17,
633 1314 680 1352 60
704 1327 735 1351 a.
766 1327 800 1362 p.
831 1315 909 1353 145.

266 1387 310 1421 In
333 1385 601 1431 pronominibus
622 1386 835 1431 usurpandis
868 1386 952 1421 Hor.
984 1385 1166 1422 rarissime
1188 1398 1209 1421 a
1239 1385 1444 1430 vulgaribus
1468 1384 1590 1420 formis

141 1455 327 1492 aberravit.
368 1455 423 1490 De
447 1465 603 1500 pronom.
628 1456 661 1490 is
686 1455 730 1490 cf.
755 1454 872 1491 Bentl.
900 1455 946 1490 ad
966 1466 994 1490 e.
1019 1455 1085 1498 111,
1112 1455 1168 1499 11,
1199 1453 1252 1491 18.
1279 1454 1333 1491 Of.
1362 1453 1469 1490 etiam
1481 1465 1511 1489 e.
1527 1454 1590 1496 IV,

143 1523 177 1567 8,
198 1523 246 1560 20
271 1528 307 1559 et
325 1523 432 1558 Mein.
457 1523 569 1568 praef.
595 1534 629 1568 p.
655 1522 714 1565 27,
739 1523 798 1560 31.
821 1524 1010 1559 Praeterea
1037 1525 1147 1559 habet
1170 1527 1245 1568 quis
1270 1536 1334 1569 pro
1356 1525 1476 1567 quibus
1490 1523 1590 1568 epod.

144 1592 201 1636 11,
224 1591 267 1635 9;
295 1594 359 1628 sat.
386 1592 415 1635 Ι,
443 1591 474 1635 1,
501 1590 568 1633 75,·
591 1591 620 1635 Ι,
644 1590 679 1635 3,
706 1590 771 1633 66,·
799 1592 827 1635 Ι,
851 1591 886 1635 4,
911 1590 979 1634 72,-
1004 1592 1034 1636 Ι,
1059 1591 1210 1636 6,130,·
1246 1593 1275 1636 Ι,
1304 1591 1338 1636 5,
1364 1590 1433 1633 42,·
1461 1589 1495 1635 9,
1522 1589 1590 1633 27,-

141 1662 187 1705 H,
214 1660 248 1705 8,
276 1660 342 1696 18:
367 1661 412 1696 cf.
438 1661 572 1705 Krueg.
601 1673 652 1705 gr.
675 1661 698 1695 1.
723 1672 757 1706 p.
782 1660 863 1696 265.
913 1662 969 1697 De
993 1661 1111 1697 verbis
1141 1663 1230 1697 haee
1252 1662 1427 1697 notanda:
1472 1660 1591 1699 Quum

142 1730 183 1766 in
209 1729 424 1766 carminibus
449 1741 527 1766 raro
552 1730 739 1765 verborum
759 1730 893 1765 formae
917 1742 965 1766 ex
987 1730 1146 1777 perfeeto
1170 1730 1348 1767 derivatae
1374 1741 1396 1765 υ
1417 1711 1590 1772 omittant,

142 1800 285 1846 saepius
312 1800 372 1835 hio
397 1811 484 1834 usus
521 1799 674 1835 occurrit
713 1799 753 1834 in
775 1801 840 1835 sat.
869 1803 906 1836 et
932 1799 1105 1845 epistolis.
1169 1800 1224 1836 ef.
1260 1812 1364 1835 earm.
1397 1801 1444 1843 11,
1474 1800 1505 1842 1,
1533 1799 1589 1842 11,

141 1870 281 1912 maris,
309 1870 505 1910 ordinaris,
529 1868 576 1911 H,
602 1867 637 1911 3,
667 1867 701 1912 7,
727 1870 852 1911 bearis,
878 1869 944 1911 111,
969 1867 1027 1912 23,
1050 1868 1085 1912 3,
1108 1871 1279 1913 placaris,
1305 1870 1333 1912 Ι,
1364 1867 1418 1912 16,
1444 1867 1502 1910 36,
1535 1879 1589 1902 ne-

140 1940 246 1982 garit,
273 1938 302 1980 Ι,
327 1936 385 1978 32,
411 1936 445 1979 7,
469 1938 651 1981 religarat,
675 1949 794 1984 neque
818 1937 953 1974 similes
979 1938 1129 1974 aliarum
1152 1938 1437 1983 coniugationum
1460 1937 1590 1973 formas

140 2019 198 2042 me
223 2006 345 2050 legere
368 2002 514 2041 memini
539 2005 577 2040 in
604 2006 828 2053 carminibus.
857 2007 929 2042 Sed
943 2006 1025 2043 vide
1045 2007 1137 2053 epod
1164 2007 1219 2050 11,
1250 2006 1295 2042 14
1315 2012 1505 2051 promorat,
1533 2005 1589 2049 17,

140 2074 188 2111 59
212 2077 385 2119 implerat,
411 2076 476 2110 sat.
505 2074 552 2116 11,
576 2074 608 2117 1,
636 2074 704 2110 145
731 2077 917 2119 commorit,
950 2075 993 2111 71
1020 2076 1068 2111 ib.
1092 2082 1286 2118 remorant:
1317 2076 1364 2118 II,
1389 2075 1425 2119 4,
1447 2074 1494 2111 22
1522 2086 1589 2109 mo-

140 2146 205 2187 ris,
230 2145 278 2187 11,
303 2143 326 2179 2
347 2146 436 2179 didit
462 2144 630 2190 (dividit),
659 2146 788 2179 divisse
811 2146 859 2187 Π,
881 2143 915 2187 3,
945 2144 1032 2186 166,·
1060 2146 1106 2188 11,
1130 2144 1164 2181 2.
1191 2145 1256 2181 111
1282 2147 1442 2180 assuerit.
1491 2144 1591 2180 Talia

142 2212 277 2259 primae
305 2212 445 2258 eoniug.
466 2211 630 2258 exempla
653 2211 693 2248 in
717 2213 819 2259 epod.
840 2215 905 2248 sat.
930 2213 1032 2259 epist.
1063 2214 1184 2250 multa.
1242 2213 1368 2250 Falsus
1395 2214 1513 2249 autem
1536 2214 1593 2248 est

142 2281 340 2329 Zumptius,
365 2282 429 2329 qui
450 2281 573 2328 (gram.
598 2281 625 2317 l.
652 2294 686 2328 p.
715 2280 812 2328 158.)
840 2282 990 2325 formas,
1019 2295 1111 2330 quae
1143 2285 1228 2319 sunt
1268 2285 1374 2318 donat
1398 2282 1477 2328 (sat.
1502 2282 1531 2326 I,
1555 2281 1589 2326 2,

142 2351 204 2399 56)
231 2354 268 2388 et
291 2353 436 2388 edormi:
461 2350 542 2397 (sat.
567 2351 613 2395 H,
639 2350 674 2395 3,
699 2350 761 2397 61)
785 2363 849 2398 pro
873 2352 1042 2399 perfectis
1067 2352 1202 2389 habuit.
1266 2352 1320 2388 cf.
1342 2351 1527 2388 Heindorf.
1554 2354 1591 2387 et

142 2421 339 2457 Wuestem.
365 2422 411 2457 ad
434 2422 470 2457 h.
493 2421 519 2456 1.
543 2423 581 2456 et
601 2421 756 2466 Madvig.
791 2421 968 2458 Admonit.
994 2424 1031 2458 et
1061 2423 1232 2459 observat.
1266 2423 1311 2458 de
1336 2422 1501 2469 quibusd.
1524 2421 1591 2458 loo.

143 2501 193 2535 gr.
218 2490 243 2525 1.
267 2502 302 2536 p.
330 2489 385 2526 15.
431 2490 538 2527 Haas.
564 2491 611 2527 ad
635 2491 731 2527 Reis.
762 2491 872 2527 schol.
906 2503 942 2538 p.
981 2490 1062 2528 229.
1123 2491 1264 2528 Deinde
1301 2494 1364 2527 sat.
1388 2492 1436 2535 11,
1458 2490 1494 2534 3,
1518 2489 1590 2527 273

141 2562 302 2603 percusti,
326 2560 373 2603 H,
398 2559 432 2603 7,
457 2558 504 2596 68
526 2563 637 2596 euasti
662 2561 894 2609 eiusdemque
919 2561 1076 2608 syllabae
1113 2564 1146 2597 is
1182 2573 1336 2609 syncopa
1362 2561 1501 2597 exstifit
1526 2560 1591 2596 inf.

142 2629 234 2675 perf.
260 2628 384 2672 forma,
409 2629 527 2675 qualis
552 2632 607 2666 est
628 2641 773 2666 surrexe
798 2633 863 2667 sat.
886 2632 916 2674 I,
942 2630 976 2675 9,
1013 2630 1071 2676 73,
1092 2631 1156 2679 qui
1180 2630 1390 2678 antiquioris
1418 2630 1591 2666 sermonis
