1745 2916
793 187 1008 224 -5-

175 284 338 334 proprius
361 285 428 320 est.
455 282 609 330 (Zumpt.
636 280 667 329 5.
691 282 790 330 160).
814 282 914 319 Idem
938 282 1034 319 cadit
1052 281 1092 318 in
1115 282 1246 320 formas
1268 282 1335 318 fut.
1363 293 1433 319 sec.
1460 282 1498 318 et
1523 281 1616 328 peri.

176 355 264 392 coni.
286 354 326 390 in
351 364 432 389 asso
451 355 489 389 et
511 355 619 388 anim
643 352 868 394 desinentes,⁸
892 353 938 388 ad
962 364 1111 400 quarum
1124 352 1322 398 analogiam
1346 353 1536 389 formatum
1559 353 1615 387 est

175 425 272 471 famis
297 424 362 459 sat.
383 423 432 465 11,
455 421 513 457 65.
540 420 693 467 (Zumpt.
720 420 752 467 ᾖ.
783 420 864 457 161.
892 421 1008 456 Madv.
1040 433 1097 467 op.
1125 423 1174 457 Π.
1201 434 1236 457 n.
1273 421 1324 467 2.)
1397 421 1468 457 Hic
1490 431 1616 457 moneo

174 493 281 530 etiam
310 490 485 527 coniunot.
509 502 562 536 pr.
589 492 659 525 edil
682 490 781 536 epod.
799 491 867 533 ΙΙΙ,
890 489 926 533 2,
952 492 1017 526 sat.
1050 492 1107 536 H,
1141 489 1176 534 8,
1198 489 1266 532 90,-
1297 490 1343 527 cf.
1377 491 1463 526 Luc.
1493 489 1616 526 Euell.

175 574 210 609 p.
231 560 314 598 493.
387 560 493 596 Infin.
517 570 570 606 pr.
595 570 691 606 pasc.
714 558 753 594 in
780 570 819 593 er
842 558 1063 595 desinentem
1085 558 1195 595 semel
1220 560 1358 596 tantum
1393 558 1557 596 adhibuit
1572 559 1620 608 in

175 629 389 667 carminibus
407 627 488 674 (IV,
517 627 587 664 118
610 627 952 674 apamien-saepius
977 627 1017 663 in
1039 631 1104 663 sat.
1131 630 1170 665 et
1204 629 1310 675 epist.
1359 629 1413 665 cf.
1438 631 1503 665 sat.
1526 630 1557 673 1,
1579 628 1615 673 2,

174 700 221 737 35
245 699 434 741 laudarier,
460 695 576 748 78nib.
601 699 779 740 seclarier,
808 696 877 733 104
893 696 941 731 ib.
969 699 1122 740 avellier,
1145 698 1193 740 11,
1216 696 1251 741 3,
1276 697 1323 733 26
1348 700 1544 741 mercarier,
1580 696 1615 741 8,

173 768 222 807 87
247 769 452 812 torquerier-3
475 765 579 813 epist.
602 766 650 810 Π,
679 766 711 810 1,
735 765 784 802 94
810 768 932 809 labier,
955 765 989 810 2,
1018 764 1093 802 148'
1100 768 1256 812 faterier,
1277 766 1326 802 ib.
1353 767 1417 803 151
1449 769 1614 802 cararier.

175 839 228 874 Of.
259 836 392 881 Krueg.
420 848 470 881 gr.
494 835 519 871 1.
545 835 576 881 ἓ.
603 834 651 873 27
674 847 708 870 n.
734 835 768 879 3,
798 835 877 877 105,
903 835 937 870 4.
984 835 1079 870 Reis.
1113 835 1146 883 ξ.
1185 834 1264 871 148.
1318 836 1404 871 Luc.
1429 836 1551 872 Muell.
1576 848 1613 882 p.

173 905 257 944 398.
306 904 469 952 Denique
493 903 573 940 vide
598 904 714 941 Bentl.
754 905 800 940 ad
825 906 890 940 sat.
916 905 945 948 Ι,
982 902 1016 947 8,
1042 903 1107 948 413
1144 904 1189 947 11,
1213 903 1248 948 2,
1283 902 1331 940 38
1356 904 1410 951 (fi)
1434 907 1472 941 et
1491 904 1540 941 ib.
1565 903 1612 941 78

173 973 362 1022 (nequiere)
390 976 427 1010 et
448 975 533 1010 Luc.
558 973 680 1010 Muell.
702 972 773 1011 394
798 976 836 1010 et
849 972 932 1010 395.

298 1044 369 1080 Sed
393 1043 559 1091 quoniam
580 1044 627 1080 de
650 1043 791 1090 syntaxi
814 1043 871 1081 vel
891 1043 1011 1090 potius
1037 1044 1082 1079 de
1103 1043 1261 1080 rectione
1285 1042 1510 1089 grammatica
1520 1043 1615 1089 apud

172 1114 256 1150 Hor.
276 1114 379 1149 obvia
405 1113 580 1149 disserere
610 1112 650 1148 in
674 1112 831 1148 animum
849 1112 1068 1156 induximus,
1091 1112 1283 1155 videamus,
1307 1125 1393 1148 num
1411 1112 1498 1159 quid
1510 1114 1614 1158 poeta

169 1184 258 1230 ipse,
284 1181 390 1218 sicuti
416 1182 461 1217 de
488 1181 667 1218 vocabulis
692 1182 868 1228 fingendis
903 1181 1116 1219 sententiam
1145 1181 1312 1228 protulit,
1346 1181 1398 1218 ita¹
1427 1182 1474 1218 de
1499 1181 1615 1218 verbis

168 1252 263 1287 inter
291 1263 330 1287 se
353 1251 611 1296 coniungendis
635 1251 805 1287 docuerit.
854 1253 982 1299 Neque
1005 1252 1043 1287 in
1066 1263 1109 1287 ea
1130 1263 1170 1287 re
1197 1263 1262 1287 nos
1291 1251 1464 1287 destituit.
1515 1250 1614 1286 Dicit

172 1321 267 1358 enim
289 1333 319 1357 a.
347 1333 382 1369 p.
406 1320 474 1357 47:
521 1322 662 1357 Dixeris
686 1322 839 1367 egregie,
875 1327 991 1358 nolum
1025 1323 1058 1357 si
1091 1322 1221 1358 callida
1253 1322 1390 1357 verbam
1416 1322 1614 1356 Reddiderit

170 1394 328 1426 iunctura
350 1402 482 1431 nomm,
513 1402 605 1438 quae
630 1403 651 1427 a
673 1391 796 1426 multis
808 1403 996 1437 perperam
1007 1391 1059 1427 ita
1074 1391 1304 1437 explicantur,
1330 1391 1429 1426 utad
1443 1390 1612 1426 vocabula

171 1460 423 1508 compositione
448 1460 632 1497 formanda
668 1460 846 1507 pertinere
871 1462 1049 1505 censeant,
1085 1472 1191 1509 quam
1215 1462 1335 1496 tamen
1358 1459 1616 1507 interpretatio-

169 1542 249 1565 nem
267 1541 310 1565 θα
331 1530 419 1567 Hor.
444 1530 551 1565 verba
575 1529 733 1575 recipere
757 1532 908 1574 possunt
931 1530 1030 1566 nullo
1054 1530 1167 1565 modo.
1223 1529 1433 1565 Aconratius
1460 1529 1555 1564 enim
1581 1530 1613 1564 si

168 1598 207 1634 id
230 1598 401 1635 exhibere
425 1597 603 1642 voluisset,
630 1597 749 1634 dicere
772 1598 925 1634 debebat
946 1600 1070 1645 poeta:
1107 1597 1242 1634 dixeris
1271 1597 1426 1644 egregie,
1460 1597 1491 1632 si
1515 1599 1613 1634 noto-

169 1680 247 1703 rum
269 1669 454 1704 verborum
480 1668 629 1704 duoru'm
652 1668 709 1704 vel
730 1667 839 1702 trium
864 1667 1029 1703 iunctura.
1053 1680 1165 1703 unum
1187 1680 1317 1704 novum
1331 1667 1613 1704 vocabulumex-

170 1736 275 1781 sistit,
297 1736 356 1783 yel
382 1736 522 1772 similia.
596 1737 722 1784 Itaque
748 1738 845 1773 recte
871 1736 934 1772 alii
957 1737 1169 1783 interpretes
1194 1736 1472 1784 Porphyrionem
1496 1735 1610 1771 secuti

171 1809 254 1842 sunt
289 1806 352 1853 qui
390 1807 435 1841 de
459 1806 517 1841 his
539 1806 654 1842 verbis
692 1818 770 1842 eam
801 1807 911 1843 habet
934 1806 1147 1842 sententiam
1178 1807 1325 1843 verbum
1353 1806 1456 1853 quasi
1482 1818 1610 1842 novum

169 1875 256 1919 fieri,
283 1875 315 1910 si
340 1887 421 1911 cum
443 1875 554 1911 altero
576 1875 811 1920 grammatica,
837 1878 879 1912 ut
904 1875 956 1912 ita
982 1875 1106 1919 dicam,
1131 1875 1392 1912 constructione
1423 1874 1610 1919 coniunga-

169 1946 238 1988 tur,
263 1945 308 1980 de
332 1956 413 1992 qua,
439 1944 472 1980 si
497 1944 719 1991 quaerimus,
754 1945 825 1980 dici
840 1957 912 1981 non
937 1946 1074 1991 potest;
1108 1945 1218 1981 veluti
1252 1946 1429 1989 splendide
1452 1946 1608 1986 mendax,

168 2014 373 2048 insanientis
408 2015 599 2057 sapientiae
636 2015 829 2056 consultas,
866 2025 958 2061 quae
986 2016 1105 2050 tamen
1141 2013 1304 2060 exempla.
1324 2013 1437 2058 magis
1459 2012 1609 2048 orationi

168 2082 384 2118 condiendas
404 2081 569 2118 videntur
593 2082 773 2118 inservire.
800 2082 885 2118 Sine
909 2082 1016 2119 dubio
1044 2084 1162 2118 autem
1184 2082 1340 2129 pertinet
1370 2081 1434 2117 illa
1457 2080 1610 2125 „callida

168 2150 354 2186 iunctura“
382 2151 489 2187 etiam
509 2152 555 2187 ad
579 2152 678 2197 leges
704 2153 817 2187 certas
843 2152 1010 2188 rectionis
1028 2152 1273 2197 grammaticae
1295 2151 1534 2197 proferendas,
1564 2151 1608 2186 de

170 2218 298 2265 quibus
323 2221 448 2266 postea
475 2219 597 2256 dicam.

264 2289 434 2325 Videmus
457 2289 567 2335 igitur
590 2289 776 2327 Horatium
800 2289 907 2326 etiam
945 2289 984 2325 in
1020 2290 1136 2327 verbis
1165 2289 1259 2326 inter
1289 2301 1328 2325 se
1355 2288 1611 2334 coniungendis

169 2356 305 2406 aliquid
329 2370 454 2395 ausum
478 2370 567 2396 esse.
637 2359 708 2396 Sed
730 2359 770 2395 in
793 2359 934 2407 syntaxi
958 2372 1029 2397 non
1054 2360 1168 2397 solum
1198 2358 1337 2396 Horatii
1364 2359 1429 2395 sed
1454 2358 1611 2395 omnium

167 2430 350 2472 poetarum
372 2430 607 2466 Romanorum
633 2430 858 2476 exploranda,
883 2430 965 2473 duo,
991 2429 1022 2465 si
1046 2442 1068 2465 a
1090 2432 1202 2467 metro
1225 2430 1379 2473 discedo,
1405 2429 1494 2465 mihi
1509 2441 1607 2476 speo-

167 2497 275 2533 tanda
297 2497 481 2535 videntur:
508 2499 661 2545 primum
686 2499 859 2547 quomodo
879 2498 1048 2544 linguam,
1076 2501 1119 2535 ut
1134 2500 1186 2536 ita
1199 2499 1324 2544 dicam,
1349 2499 1544 2536 secundum
1556 2498 1610 2547 ip-

167 2565 242 2602 sius
267 2569 430 2605 naturam
454 2569 692 2613 excoluerint,
725 2568 854 2605 deinde
878 2580 966 2617 quas
990 2569 1202 2607 Graecorum
1237 2569 1417 2616 analogias
1443 2569 1611 2617 syntacti-

169 2646 226 2672 cas
252 2637 325 2674 sint
348 2637 472 2674 seeufi.
518 2638 660 2675 Etenim
686 2650 771 2676 sane
796 2637 1069 2677 existimandum
1094 2641 1151 2676 est
1173 2640 1289 2687 poetis
1328 2640 1495 2677 Romanis
1532 2651 1614 2676 ean·
