1745 2916
719 185 953 223 —19-

120 285 157 319 ot
182 281 362 321 Burmann
389 278 436 313 ad
467 277 588 313 valer.
617 279 732 315 Flauo.-
763 280 834 315 vn.
856 279 940 316 349.
1008 280 1174 327 Denique
1199 281 1361 317 adiectiv.
1393 282 1560 324 impotens

121 350 216 398 quod
250 349 335 384 Hor.
371 359 451 382 cum
483 346 548 382 inf.
583 347 701 383 iunxit
733 360 837 383 carm.
868 349 893 385 Ι.
927 347 983 389 37,
1015 348 1058 384 10
1104 349 1163 384 hic
1190 350 1458 385 memorandum
1495 353 1561 386 est.

116 420 304 466 Significat
328 418 660 463 intemperantiam:
701 420 884 462 Cleopatra
906 420 1070 462 quidlibet
1095 421 1260 461 impotens
1284 429 1435 462 sperare.

241 528 492 574 Compluribus
523 527 612 563 locis
645 528 718 563 iam
750 539 796 563 ex
812 528 891 573 ipsa
923 528 1170 564 vocabulorum
1202 528 1430 564 collocatione
1467 529 1562 563 vide-

114 610 173 642 tur
205 609 375 645 apparere
411 598 497 632 Hor.
531 597 577 631 ad
608 597 733 632 adiect.
767 608 847 632 cum
879 596 977 632 infin.
1016 597 1138 632 iuncta
1164 597 1257 633 vices
1287 597 1560 643 participiorum,

123 680 212 717 quae
246 667 389 703 notione
423 669 574 710 cognata
604 667 705 708 sunt,
745 666 931 700 verborum
953 665 1192 701 transtulisse.
1239 666 1364 701 Posuit
1399 666 1494 701 enim
1518 678 1561 701 ea

120 738 290 774 adiecfiva
313 736 383 780 ita,
429 739 470 771 ut
495 734 724 771 antecedenti
746 734 932 781 participio
958 734 1206 781 respondeant.
1267 736 1338 771 Sat.
1370 736 1407 770 11.
1433 734 1467 778 3,
1494 733 1562 771 108

120 808 307 853 leguntur:
338 807 406 849 Qui
431 807 602 850 discrepat
620 807 699 840 istis
729 805 798 847 Qui
820 815 973 840 nummos
991 815 1184 850 aarampae
1205 807 1360 840 recondit
1384 807 1565 840 nescias

119 879 170 912 ati
190 877 395 919 Compositis
421 881 709 919 metuensque
735 876 826 909 velat
851 877 1046 918 contingere
1073 885 1218 909 sacrum.
1268 874 1322 909 Cf.
1351 886 1380 912 c,
1405 876 1429 910 1.
1457 873 1511 917 12,
1537 873 1560 907 7

120 956 238 992 sequ:
299 945 429 980 Unam
468 945 587 978 vocate
620 949 742 978 temere
777 945 949 979 insecutae
980 943 1117 987 Orphea
1154 945 1262 979 silvae
1287 944 1372 978 Ante
1405 949 1560 978 materna

121 1015 265 1059 rapidos
299 1019 543 1047 morantem
578 1015 752 1056 flaminiam
783 1014 904 1056 tapsus
931 1014 1120 1057 celeresque
1143 1018 1261 1047 ventos
1289 1014 1508 1047 Blandum
1530 1019 1562 1047 et

120 1085 255 1118 auritas
279 1082 404 1127 fidibus
428 1084 565 1117 canoris
592 1084 722 1117 Ducere
746 1092 898 1127 quereus.

242 1172 381 1212 Deinde
406 1187 448 1212 ea
472 1175 646 1211 adiectiva
671 1175 899 1222 complector,
937 1176 1066 1223 quibus
1094 1176 1205 1213 virtus
1232 1177 1407 1225 quaedam
1428 1179 1490 1212 aut
1512 1176 1561 1212 vi-

118 1244 207 1284 tium
233 1245 448 1282 describitur
475 1248 581 1293 atque
605 1246 656 1281 ita
681 1246 845 1293 quidem,
879 1249 921 1282 ut
943 1259 983 1282 ea
1007 1247 1144 1282 infinito
1169 1247 1368 1282 accuratius
1394 1247 1563 1282 definian-

118 1320 185 1352 tur.
234 1318 352 1363 Atque
377 1316 466 1351 haec
490 1315 598 1351 etiam
621 1316 793 1352 adieetiva
815 1317 967 1352 redeunt
992 1317 1037 1351 ad
1062 1317 1223 1353 notiones
1243 1327 1348 1361 posse
1375 1319 1439 1352 aut
1464 1318 1560 1360 velle,

120 1387 202 1434 quia
235 1398 355 1421 omnes
390 1386 539 1421 virtutes
564 1388 601 1421 et
623 1386 709 1422 vitia
731 1386 770 1421 in
795 1387 965 1422 facultate
993 1386 1129 1434 aliquid
1155 1387 1334 1423 efficiendi
1358 1389 1421 1423 aut
1440 1387 1559 1423 volun-

120 1456 192 1491 tate
218 1455 317 1491 cerni
342 1457 500 1501 apparet.
546 1454 638 1490 Nam
665 1455 696 1490 si
720 1456 805 1492 Hor.
829 1456 939 1492 habet
965 1468 996 1492 c.
1025 1458 1062 1491 ΙΙ.
1095 1456 1151 1498 15,
1181 1455 1224 1492 18
1250 1459 1338 1492 celer
1361 1459 1457 1501 sequi
1469 1458 1561 1492 Αἰακι-

122 1524 210 1560 nihil
238 1524 336 1560 aliud
365 1524 451 1560 dicit
481 1525 553 1561 nisi
576 1525 721 1560 Aiacem
750 1525 956 1561 facultatem
992 1526 1160 1561 habuisse
1188 1526 1350 1562 celeriter
1374 1527 1558 1574 sequendi.

122 1592 176 1631 Cf.
204 1596 254 1632 ΙΙΙ.
287 1592 352 1638 12,
393 1594 462 1645 123
508 1595 567 1631 lV.
596 1594 629 1638 6,
654 1595 726 1637 40;
770 1596 873 1641 epist.
902 1597 927 1631 Ι.
950 1595 1009 1639 20,
1034 1595 1091 1631 25.
1137 1598 1263 1632 Cautus
1290 1600 1357 1635 sat.
1382 1599 1406 1632 1.
1435 1596 1469 1639 6,
1492 1596 1558 1638 513

51 1665 54 1669 ’
120 1664 289 1708 (Cautum
323 1666 526 1710 assumere).
583 1666 699 1698 Durus
726 1668 792 1699 sat.
820 1665 859 1699 ΙΙ.
885 1665 919 1707 4,
944 1663 976 1700 8.
1028 1665 1159 1710 (Daras
1187 1676 1386 1710 componere
1409 1667 1558 1712 versas).

122 1734 233 1768 Fortis
260 1744 291 1769 c.
320 1735 345 1770 Ι.
368 1732 427 1777 37,
451 1732 499 1769 26
527 1745 624 1781 sequ.
665 1735 864 1780 (Cleopatra
888 1736 992 1780 fortis
1019 1742 1050 1770 et
1071 1746 1216 1779 asperas
1241 1737 1406 1771 Tractare
1423 1747 1557 1781 serpen-

121 1803 194 1848 tes).
250 1803 305 1839 cf.
340 1815 371 1839 c.
400 1804 454 1839 ΠΙ.
489 1802 525 1846 3,
557 1803 621 1846 50,
682 1806 749 1839 sat.
787 1805 823 1838 ΙΙ.
851 1803 886 1848 7,
924 1802 970 1840 85
1000 1816 1103 1852 sequ.
1163 1805 1287 1841 Audax
1316 1818 1349 1844 c.
1376 1807 1399 1842 1.
1420 1805 1455 1850 3,
1487 1804 1555 1848 25;

121 1870 262 1916 (Audax
285 1875 400 1908 omia
420 1873 572 1919 perpeti)
597 1874 718 1919 (Prop.
745 1874 803 1911 tv.
831 1874 914 1919 [V.]
936 1873 970 1918 5,
1001 1873 1073 1920 13).
1118 1876 1268 1920 Impiger
1292 1888 1322 1912 o.
1348 1876 1403 1912 tv.
1427 1875 1482 1920 14,
1509 1875 1557 1912 22

122 1951 218 1988 sequ.
271 1944 438 1987 (Impiyer
461 1944 609 1978 hostiam
642 1944 769 1979 Vexari
795 1945 953 1989 turmas).
1003 1945 1107 1988 Piqer
1133 1947 1200 1981 sat.
1229 1947 1251 1980 Ι.
1274 1945 1310 1989 4,
1337 1944 1393 1981 12.
1442 1947 1556 1991 (Laci-

120 2010 186 2044 lias
211 2013 375 2055 garrulas
402 2018 502 2056 atque
525 2014 626 2056 piper
649 2015 823 2048 scribendi
847 2016 941 2058 serre
966 2013 1147 2062 laborem).
1186 2016 1288 2049 Lenis
1304 2026 1332 2050 c.
1359 2015 1389 2051 Ι.
1415 2013 1473 2057 24,
1501 2014 1556 2050 17.

119 2079 326 2122 (Mercurius
360 2092 430 2117 non
464 2083 552 2117 lenis
581 2084 743 2126 precibus
777 2085 855 2128 sata
888 2084 1090 2130 recludere).
1140 2082 1194 2118 Cf.
1227 2096 1257 2120 c.
1283 2096 1311 2119 s.
1343 2082 1397 2120 13.
1448 2082 1554 2130 (lenis

120 2151 279 2195 aperire).
311 2152 409 2186 Levis
434 2163 466 2187 c.
495 2153 533 2186 11.
558 2151 593 2194 4,
620 2151 676 2187 11.
713 2153 877 2199 (Leviora
904 2153 1007 2200 tolli).
1038 2155 1163 2189 Per-nia:
1188 2166 1218 2189 a.
1241 2167 1277 2199 p.
1307 2153 1385 2190 165.
1421 2154 1555 2200 (amata

87 2245 91 2248 .
116 2218 303 2262 relinquere
321 2221 474 2265 pernix).
513 2221 678 2255 Pertinax
702 2232 732 2257 c.
760 2222 810 2257 ΙΙΙ,
839 2220 897 2265 29,
921 2220 986 2257 49:
1030 2222 1182 2268 (Fotana
1200 2224 1334 2257 Latiam
1358 2224 1556 2258 insolentem

120 2288 237 2324 lutlere
266 2290 458 2336 perlinam).
524 2293 654 2326 Laevos
693 2291 799 2337 epist.
834 2293 858 2328 1.
895 2292 949 2335 15,
987 2291 1044 2328 30.
1108 2293 1302 2339 (Quaelibet
1336 2295 1373 2328 in
1406 2296 1555 2338 quemvis

118 2359 303 2399 opprobria
338 2361 465 2404 fingere
491 2359 641 2406 saevas).
701 2360 922 2395 Contrarium
941 2360 1120 2396 notionem
1144 2362 1254 2397 habet
1281 2364 1420 2398 timidus
1446 2375 1478 2399 c.
1506 2365 1558 2399 ΙΙΙ.

119 2422 172 2467 19,
195 2424 229 2461 2.
297 2428 445 2474 (Codrus
475 2440 538 2473 pro
569 2431 687 2473 patria
720 2441 789 2465 non
823 2432 961 2466 timidas
991 2433 1134 2477 perire).
1192 2430 1247 2469 Of.
1282 2445 1309 2468 c.
1336 2434 1394 2469 lV.
1419 2435 1456 2478 h,
1495 2435 1555 2472 51.

115 2491 234 2536 Scottis
266 2507 296 2531 c.
330 2498 383 2533 ΙΙΙ.
418 2496 476 2541 21,
510 2497 568 2534 22.
629 2499 773 2542 (Septies
806 2501 931 2534 nodum
967 2501 1098 2534 solvere
1140 2501 1313 2547 Gratiae).
1374 2503 1556 2541 Liberiora

115 2562 216 2598 modo
239 2564 407 2602 Horatius
443 2566 634 2611 adieefivo,
680 2569 775 2615 quod
809 2570 864 2605 est
898 2571 1037 2604 dolosas
1067 2582 1155 2606 usus
1184 2574 1240 2608 est
1273 2584 1353 2608 cum
1384 2573 1450 2609 inf.
1477 2586 1558 2609 con-

115 2627 244 2668 iuncto.
295 2635 350 2670 Cf.
376 2647 406 2671 c.
426 2637 448 2671 Ι.
473 2636 532 2680 35,
558 2636 624 2673 26:
652 2640 755 2672 amici
776 2640 889 2673 dolosi
912 2641 1019 2684 serre.
1057 2640 1205 2687 Accepit
1226 2641 1322 2677 enim
1345 2644 1557 2680 adiectivum

1317 2704 1375 2741 2*
