1745 2916
126 285 374 333 10maefvl,.3‚
389 285 463 329 -115
494 286 526 327 1,·
553 284 608 329 17,
639 284 705 329 114¹,²
728 284 803 329 17⁴32
828 286 859 330 1,
892 284 954 328 19,
993 284 1048 328 13,
1092 283 1349 322 ubiadverbia
1371 285 1423 320 cic
1448 285 1486 320 et
1498 283 1562 318 Me

126 359 184 401 IV,
212 356 266 398 13,
282 355 347 398 .10‚
372 354 436 390 ubi
460 354 658 390 coniunctio
680 356 761 399 quia
780 353 933 399 repetita
957 356 1021 389 est.
1048 355 1093 388 xln
1118 352 1265 400 reliquis
1286 354 1371 389 Hor.
1387 351 1560 399 poematis

126 428 206 464 vido
229 419 451 472 quum'alios
473 423 566 459 locos
589 416 666 459 tum
694 423 795 472 epist.
819 423 871 466 Π,
910 427 941 466 1,
980 421 1058 465 138,
1093 423 1116 465 1,
1142 423 1174 465 1,
1200 421 1257 459 20.
1285 422 1349 465 26;
1378 425 1441 458 sat.
1476 423 1501 465 1,
1522 420 1557 464 6,

127 496 173 533 65
193 507 291 541 sequ.
318 493 419 539 epist.
448 494 477 535 Ι,
507 492 561 535 17,
584 491 606 527 7
631 492 694 538 (si)
720 490 777 534 18,
803 491 868 532 19;
907 503 939 527 a.
977 503 1011 537 p.
1049 490 1120 526 214
1157 490 1260 537 (sic),
1285 492 1310 534 1,
1338 489 1392 534 18,
1414 490 1475 534 21,
1503 490 1559 534 19,

126 565 192 608 37;
217 563 371 610 denique
397 564 462 598 sat.
484 563 507 605 Ι,
535 560 591 603 10,
607 561 682 605 :653
708 561 771 596 ubi
789 560 982 607 particulae
1005 572 1085 595 num
1117 559 1325 606 repetitione
1357 572 1428 596 non
1452 560 1561 596 inter-

126 632 257 678 rogatio
284 630 426 667 exsistit
449 630 680 670 disiunctiva,
720 630 783 665 srd
806 630 898 665 duae
929 629 1185 674 interrogantes
1219 629 1414 664 sententiae
1439 641 1560 675 parem

126 703 295 738 habentes
322 699 532 745 dignitatem
555 701 591 735 et
614 699 707 734 inter
740 710 779 734 se
803 698 1070 745 respondentes.

244 769 466 814 Quamquam
503 767 608 803 facile
643 767 857 812 intelligitur
875 766 986 802 -inter
1028 766 1153 802 satiras
1193 769 1231 803 et
1268 766 1438 813 epistulas
1464 767 1560 802 baud

124 850 269 885 parvum
292 837 481 874 discrimen
503 836 724 872 intercedere
746 836 954 882 praesertim
979 835 1011 871 si
1047 834 1326 877 consideramus,
1360 847 1466 882 quam
1490 848 1559 871 ma-

125 906 248 944 teriam
270 905 311 941 in
335 907 486 953 utroque
509 916 640 951 genere
667 905 736 941 sibi
761 904 928 942 sumserit
950 911 1053 952 poeta
1075 906 1112 941 et
1134 916 1204 953 quo
1227 903 1351 943 tanim
1376 915 1455 941 eam
1472 906 1562 941 trac·

124 976 267 1019 taverit,
302 976 347 1011 de
386 988 456 1022 quo
490 975 691 1011 discrimine
724 975 795 1011 iam
827 975 1006 1011 verissime
1037 975 1230 1012 Lambinus
1256 975 1302 1010 ad
1328 977 1393 1010 sat.
1418 976 1441 1018 1,
1467 975 1497 1018 1,
1519 975 1555 1018 1.,

125 1046 264 1092 etpost
292 1055 374 1080 eum
400 1043 503 1080 multi
538 1044 649 1080 multa
672 1043 957 1091 disputaverunt,
990 1045 1110 1080 tamen
1147 1044 1179 1080 si
1215 1044 1364 1080 formam
1394 1043 1561 1081 orationis

125 1118 333 1162 spectamus,
358 1113 464 1149 facile
486 1114 525 1149 id
551 1114 755 1150 conceditur
777 1116 966 1161 utrumqne
1000 1126 1112 1159 genus
1138 1114 1290 1150 sermoni
1313 1114 1459 1160 propius
1482 1124 1561 1150 esse

124 1184 172 1226 id,
197 1183 292 1230 quod
312 1185 433 1217 auctor
458 1182 508 1217 de
527 1182 600 1217 suis
627 1182 790 1228 operibus
814 1182 905 1218 dixit
927 1182 1004 1228 ipse
1029 1185 1094 1217 sat.
1119 1179 1145 1225 l,
1169 1182 1203 1225 4,
1228 1181 1287 1225 42,
1322 1182 1427 1228 epist.
1454 1183 1501 1226 Π,
1529 1182 1560 1225 1,

125 1251 205 1289 250.
276 1251 354 1290 Quo
379 1250 550 1297 imprimis
574 1252 729 1297 pertinet
754 1253 831 1294 hoc,
870 1252 963 1298 quod
987 1253 1158 1298 utraeque
1184 1252 1387 1300 repentinas
1405 1252 1561 1298 disputa-

124 1321 249 1363 tiones,
285 1320 539 1362 conversiones,
583 1320 785 1355 audaciores
820 1320 1074 1355 sententiarum
1108 1320 1320 1356 conexiones
1352 1321 1556 1364 admittunt,

123 1390 217 1437 quod
250 1389 400 1425 subinde
426 1391 575 1425 utuntur
605 1389 844 1434 interrogandi
868 1392 905 1424 ct
931 1389 1168 1435 respondendi
1190 1389 1347 1433 vicibus,
1371 1390 1473 1436 quasi
1499 1402 1557 1427 res

122 1459 199 1504 ipsa
222 1461 348 1503 agatur
370 1470 442 1493 non
466 1457 703 1512 disputatione
734 1457 950 1504 exquiratur,
975 1458 1070 1504 quod
1095 1458 1227 1494 crebris
1259 1457 1449 1493 distinctae
1475 1461 1560 1495 sunt

122 1527 251 1564 fabulis
273 1527 474 1575 lepidisque
497 1526 786 1571 narrafiuneulis;
816 1538 1028 1576 quamquam
1049 1527 1106 1563 vel
1129 1527 1168 1562 in
1192 1526 1250 1563 his
1275 1528 1382 1564 rebus
1400 1528 1560 1575 epistolis

121 1598 285 1634 maiorem
310 1598 486 1645 quandam
506 1597 780 1633 moderationem
808 1609 850 1632 ac
871 1597 1133 1643 simplicitatem
1157 1597 1333 1643 propriam
1352 1609 1430 1634 esse
1455 1610 1558 1635 nemo

120 1679 190 1703 non
213 1667 318 1703 videt.
391 1667 530 1703 Deinde
552 1669 641 1703 haec
665 1668 835 1703 sermonis
862 1667 1058 1714 quotidiani
1093 1668 1243 1704 imitatio
1270 1670 1425 1706 cernitur
1452 1669 1558 1705 etiam

119 1737 157 1771 in
181 1738 442 1773 enuntiatorum
464 1738 682 1773 formatione.
731 1738 843 1783 Saepe
871 1738 966 1773 enim
990 1738 1127 1783 periodi
1150 1738 1326 1783 longiores
1352 1741 1389 1774 et
1410 1738 1557 1774 rhetori·

121 1818 191 1850 cae,
215 1818 262 1842 ex
284 1807 523 1854 compluribus
548 1806 708 1853 partibus
736 1809 955 1851 constantes,
992 1819 1056 1854 per
1089 1808 1153 1844 hos
1196 1820 1286 1852 non,
1327 1811 1368 1844 ut
1392 1807 1430 1843 in
1457 1807 1557 1854 epica

117 1876 215 1919 poesi
247 1888 317 1910 usu
342 1876 448 1919 venit,
484 1876 523 1910 in
544 1878 656 1911 certas
679 1878 798 1921 partes
824 1876 1025 1912 dividuntur
1056 1877 1119 1911 sed
1144 1876 1225 1913 sine
1258 1877 1333 1912 ullo
1356 1877 1556 1923 pronuntia-

117 1944 220 1980 tionis
243 1945 426 1981 intervallo
448 1945 705 1989 continuantur,
731 1958 801 1993 quo
827 1946 1004 1992 poeticum
1027 1946 1179 1983 colorem
1203 1957 1350 1984 necesse
1374 1949 1429 1982 est
1451 1946 1556 1982 inter-

114 2012 175 2048 ire.
223 2015 277 2050 Of.
302 2017 365 2050 sat.
394 2016 418 2058 Ι,
447 2015 477 2058 1,
506 2014 663 2059 15-19;
691 2015 746 2061 (Si
771 2015 851 2062 quis
875 2016 963 2051 deus
988 2038 1034 2044 —
1059 2016 1209 2062 nolint);
1239 2015 1401 2057 95—99;
1439 2016 1554 2051 117—

120 2081 205 2126 1192
231 2082 265 2128 2,
289 2083 451 2128 49-53;
479 2084 684 2129 111-113;
705 2084 739 2130 3,
762 2084 923 2128 85—89;
950 2085 1148 2131 113—117‚
1171 2085 1377 2129 120—124;
1403 2086 1436 2130 4,
1458 2085 1554 2123 56-

117 2152 177 2195 62;
203 2154 249 2190 93
259 2155 380 2198 -100,
408 2155 607 2192 115-120,
656 2156 767 2202 (Vide
799 2156 944 2191 Kirchn.
973 2168 1126 2202 prooem.
1160 2158 1206 2191 ad
1244 2160 1307 2191 sat.
1345 2156 1491 2191 version.
1517 2168 1552 2201 p.

115 2219 189 2264 34.)
215 2223 317 2269 epist.
346 2225 368 2268 Ι,
393 2223 424 2267 1,
448 2222 591 2262 42—48
613 2224 707 2259 a1.-1.
759 2226 841 2261 Non
864 2236 942 2261 raro
968 2226 1118 2280 protasis
1147 2228 1184 2261 et
1212 2225 1373 2271 apodosis
1399 2223 1553 2270 longitu-

115 2290 197 2327 dine
218 2305 343 2339 parum
365 2294 459 2330 inter
485 2306 523 2330 se
547 2295 765 2340 respondent
789 2295 898 2330 veluti
933 2295 1034 2341 epist.
1062 2297 1092 2338 Ι,
1127 2295 1159 2338 7,
1188 2294 1211 2330 2
1234 2306 1345 2342 sequ„
1385 2294 1448 2329 ubi
1472 2305 1551 2330 sen-

114 2362 244 2399 tentiae
270 2364 485 2399 concinnitas
510 2363 701 2401 enuntiatis
721 2376 786 2410 per
806 2364 1014 2410 particulam
1027 2367 1104 2399 dam
1128 2364 1273 2400 adiectis
1297 2364 1551 2411 quodammodo

113 2431 281 2478 turbatur.
308 2434 390 2469 Huc
413 2434 518 2469 etiam
537 2434 772 2477 referendum,
796 2435 890 2481 quod
908 2437 1012 2480 poeta
1044 2446 1149 2480 saepe
1172 2433 1433 2469 enuntiatorum
1446 2445 1554 2469 mem-

113 2498 175 2534 bra
198 2500 523 2548 interpositionibus
548 2503 732 2550 separavit.
808 2504 863 2541 cf.
888 2503 1058 2550 imPtimis
1082 2503 1186 2550 epist.
1211 2504 1234 2546 Ι,
1261 2503 1292 2547 1,
1321 2502 1376 2546 15,
1403 2503 1469 2539 ubi
1490 2516 1552 2540 ne-

113 2567 281 2613 gligenfia
308 2572 477 2619 quadam,
513 2575 612 2617 grata
642 2573 706 2608 illa
731 2573 874 2620 quidem
898 2575 936 2608 et
955 2574 1103 2610 fortasse
1128 2572 1220 2609 ultro
1244 2572 1365 2617 ascita,
1397 2573 1450 2609 ita
1471 2573 1553 2609 illas

111 2635 394 2685 interpositiones
419 2642 600 2685 adhibuit,
639 2645 689 2678 ut‘
706 2643 927 2679 enuntiatum
960 2643 1126 2679 maiorem
1153 2654 1261 2690 quam
1294 2655 1359 2690 par
1383 2645 1441 2681 est
1463 2643 1553 2680 acci·
