1745 2916
748 194 937 229 -17-

253 289 407 336 Reliqua
431 289 550 331 verba,
572 287 683 324 veluti
708 284 906 332 insipieudi,
932 289 1092 329 audendi,
1117 299 1208 333 quae
1225 287 1310 322 item
1324 288 1370 322 ad
1385 287 1564 323 notionem

127 361 212 396 vetto
225 360 377 405 possunt
386 356 521 399 reduci,
546 356 678 392 omitto.
707 356 778 391 Eos
791 358 910 391 autem
922 355 1018 391 looos
1036 355 1198 398 exhibeo,
1221 356 1284 390 ubi
1296 367 1377 391 oum
1390 356 1564 391 eiusmodi

132 427 248 465 verbis
287 426 386 462 infin.
417 425 512 471 pass.
548 424 693 460 iunctus
725 427 799 460 est:
844 435 937 458 ames
962 425 1033 458 diei
1058 435 1086 458 e.
1111 424 1139 458 Ι.
1157 423 1192 466 2,
1216 423 1286 466 50;
1310 428 1374 460 sat.
1397 424 1432 468 2,
1459 424 1492 460 5.
1517 423 1565 461 96

134 496 415 548 anecdotam-i.
473 494 545 530 Nee
579 498 677 529 curat
692 495 815 538 reponi
835 505 866 528 c.
893 493 961 528 ΠΙ.
990 491 1024 536 5,
1047 492 1114 528 30:
1148 492 1211 540 qui
1234 493 1332 529 loeus
1355 494 1446 529 nihil
1469 493 1567 530 aliud

130 563 330 609 singnifieat
350 563 442 598 nisi:
477 563 644 598 virtutem
672 561 820 609 simulac
838 561 1027 608 reliquerit
1053 561 1225 605 animum,
1259 574 1331 597 non
1354 563 1426 597 iam
1448 563 1564 598 redire

129 633 218 670 velle
242 631 282 667 in
304 642 394 667 eum.
434 631 578 673 Quaerit
594 631 764 665 subscribi
785 631 894 665 c.111.
918 628 976 673 24,
1000 627 1061 665 28.
1101 629 1184 664 Δυει
1207 630 1439 674 ,φατρία-Ν.
1459 630 1512 679 11,
1528 629 1561 666 8.

130 704 248 738 Studet
277 700 448 743 tenditque
474 701 594 734 haberi
617 698 721 745 epist.
751 700 780 734 I.
806 697 844 742 8,
867 697 921 734 16.
960 699 1161 734 Contemnes
1185 701 1299 743 lippus
1322 701 1443 743 inungi
1465 699 1566 744 epist.

130 772 158 806 I.
183 770 215 813 1,
234 767 291 804 29.
317 770 434 814 Atque
454 767 494 802 in
516 767 584 802 hoe
611 767 756 814 quidem
777 779 848 803 usu
862 767 948 803 Hor.
971 779 1042 802 non
1065 766 1177 803 multa
1193 767 1333 803 videtur
1355 778 1463 803 ausus
1473 779 1564 811 esse,

133 850 241 887 quum
265 836 372 873 etiam
407 835 625 883 antiquiores
657 837 790 883 poetae'
819 836 1050 873 forfiora‘iua
1072 837 1179 872 verba
1202 836 1387 872 iunxerint
1411 848 1490 872 oum
1512 837 1564 872 in-

127 897 270 943 finitivo.
309 907 474 943 Attamen
496 907 616 942 nostro
640 908 765 951 poetae
786 905 961 942 vindicem
977 905 1083 942 verba
1101 906 1210 942 haee:
1231 907 1403 950 persequi,
1424 917 1565 949 sumere,

127 987 286 1021 orauere,
312 977 486 1019 trepidare
508 974 611 1020 (Stat.
638 975 749 1011 Theb,
766 976 794 1011 Ι.
828 974 915 1022 639)
944 982 1151 1010 contemnere
1175 975 1304 1021 (Senea
1317 975 1450 1011 Phoen.
1466 974 1563 1020 197).

252 1044 441 1087 Omnibus,
476 1056 563 1091 quos
582 1044 733 1090 protuli,
756 1045 844 1080 locis
869 1045 1003 1090 pendet
1028 1044 1223 1080 infinitivus
1247 1056 1295 1079 ex
1317 1044 1433 1080 verbis
1460 1043 1566 1079 deeli-

128 1113 220 1151 natis
261 1112 313 1149 ita
350 1115 391 1148 ut
432 1112 563 1149 obiecti
601 1115 721 1149 teneat
751 1112 867 1149 locum
904 1115 1105 1160 certamque
1138 1113 1268 1149 habeat
1300 1124 1472 1159 personae
1506 1113 1566 1148 de·

130 1183 364 1229 scriptionem.
400 1182 511 1225 Idem,
537 1182 606 1218 etsi
629 1181 764 1218 nonita
779 1183 950 1226 videatur,
975 1183 1069 1218 eadit
1084 1182 1190 1217 etiam
1203 1183 1242 1217 in
1254 1182 1467 1218 infinitivum
1486 1193 1566 1217 oum

127 1251 322 1299 participiis
349 1253 386 1286 et
410 1250 594 1286 adiectivis
619 1250 852 1287 coniunctum.
890 1250 1085 1297 Utrumque
1109 1252 1202 1287 enim
1227 1253 1264 1286 et
1288 1251 1414 1287 adieet.
1439 1253 1476 1287 et
1488 1262 1566 1297 par-

126 1321 184 1357 tie.
212 1321 376 1368 quoniam
389 1331 437 1355 ex
447 1319 655 1355 attributiva
672 1320 848 1355 sententia
863 1320 997 1355 nomini
1010 1320 1119 1355 alieni
1132 1320 1318 1355 inhaereat
1332 1331 1478 1355 neeesse
1496 1321 1561 1363 est,

126 1402 296 1437 personae
321 1390 461 1438 quoque
485 1400 661 1436 nusquam
683 1389 808 1424 deesse
832 1388 1011 1425 notionem
1031 1389 1146 1425 elucet
1166 1389 1339 1425 infinitivo
1355 1401 1402 1425 ex
1415 1388 1465 1425 iis*
1477 1401 1562 1436 pen-

130 1459 238 1495 denti.
277 1459 427 1494 ¹Deinde
451 1460 598 1505 apparet
622 1458 839 1494 adieetivum-
856 1460 951 1506 quod
964 1458 1143 1494 infinitum
1158 1471 1278 1495 seeum
1292 1459 1412 1503 habet,
1436 1458 1468 1495 si
1483 1470 1562 1495 cum

130 1529 235 1564 verbo
261 1527 481 1564 substantivo
505 1527 731 1563 coniunctum
756 1528 948 1572 cogitatur,
974 1529 1090 1564 redire
1115 1529 1161 1564 ad
1185 1540 1292 1564 unam
1313 1539 1360 1564 ex
1382 1528 1428 1564 iis
1452 1528 1563 1565 notio-

127 1598 252 1640 nibus,
277 1610 366 1643 quas
392 1598 525 1632 habent
545 1598 652 1632 verba
676 1597 739 1632 illa
763 1598 953 1632 auxiliaria
968 1597 1086 1644 iisque
1112 1598 1262 1640 similia,
1283 1609 1375 1644 quae
1402 1609 1482 1632 cum
1506 1597 1559 1632 in-

126 1666 226 1702 finito
260 1665 427 1711 eoniungi
460 1665 573 1702 solere
601 1668 706 1702 antea
736 1665 898 1702 vidimus.
957 1669 1074 1714 Atque
1096 1666 1315 1714 antiquiores
1338 1669 1483 1713 poetae,
1522 1668 1564 1702 ut

129 1735 260 1771 iustum
293 1747 336 1771 eo
362 1735 464 1771 modo
483 1735 797 1782 per'partieipium
822 1736 921 1772 verbi
944 1737 1092 1772 formam
1116 1735 1366 1781 exprimerent,
1390 1747 1461 1771 non
1482 1747 1559 1771 raro

131 1803 390 1840 coniunxerunt
407 1816 485 1840 eum
498 1804 604 1840 verbo
623 1804 840 1841 substantivo
862 1805 1058 1841 declinato:
1086 1805 1130 1841 of.
1153 1805 1269 1842 Plaut.
1289 1806 1397 1842 Most.
1414 1806 1442 1841 Ι.
1461 1804 1495 1848 2,
1511 1804 1555 1842 61

128 1874 273 1909 Postilla
300 1876 449 1918 obtigere
467 1886 543 1909 eam
566 1877 740 1918 myliyens
763 1877 828 1919 sui.
876 1875 947 1910 Sed
972 1875 1090 1910 missis
1113 1875 1170 1910 his
1196 1876 1402 1911 accedamus
1429 1876 1475 1910 ad
1488 1876 1559 1910 Ho-

126 1941 253 1979 rafim
277 1945 314 1978 et
327 1943 521 1987 videamus,
544 1955 635 1991 quae
658 1943 846 1991 partieipia
871 1944 1050 1981 notionem
1065 1956 1168 1990 posse
1191 1948 1229 1981 et
1255 1947 1373 1981 debere
1391 1945 1559 1981 habentia

125 2011 282 2048 iunxerit
303 2025 384 2049 eum
405 2014 563 2049 infinito:
602 2025 709 2048 ausus
733 2016 789 2049 ter
813 2015 861 2058 (e.
887 2016 915 2049 Ι.
941 2014 999 2058 37,
1022 2014 1089 2057 25;
1130 2015 1232 2060 epist.
1255 2017 1282 2050 Ι.
1308 2014 1343 2057 3,
1371 2015 1434 2058 115
1469 2027 1498 2049 a.
1523 2027 1557 2059 p.

132 2077 241 2126 2873)
283 2083 442 2117 debentia
474 2083 545 2117 dici
575 2094 606 2117 a.
630 2093 665 2129 p.
690 2081 754 2125 433
798 2085 952 2118 meritum
976 2085 1089 2118 subire
1115 2086 1180 2120 sat.
1206 2084 1236 2119 I.
1264 2082 1299 2127 3,
1320 2081 1378 2119 20.
1421 2083 1466 2126 (o.
1490 2083 1556 2118 ΠΙ.

123 2146 159 2190 2,
180 2147 256 2193 21).
309 2151 499 2185 Valentiam
522 2157 652 2185 uertere
677 2163 706 2185 e.
731 2153 796 2186 ΠΙ.
819 2152 878 2194 25,
908 2151 972 2196 16ς
1007 2153 1052 2186 cf.
1076 2153 1176 2197 epod.
1209 2152 1262 2194 17,
1284 2151 1318 2186 4.
1369 2151 1557 2185 Notionem

122 2217 209 2255 velle
229 2217 363 2259 habent
386 2220 498 2259 haec:
541 2227 676 2259 aventes
701 2222 881 2268 subrepere
908 2224 972 2260 sat.
999 2223 1047 2261 II.
1073 2220 1108 2267 6,
1135 2220 1223 2265 100;
1266 2223 1402 2266 cupiens
1423 2222 1558 2258 vincere

123 2285 169 2317 II.
189 2286 223 2319 6.
248 2286 306 2329 87,
331 2287 381 2331 (7,
405 2287 472 2321 127
494 2288 598 2332 epist.
625 2289 671 2323 11.
689 2288 725 2330 2,
745 2288 831 2333 34),
855 2291 1006 2333 qestiens
1030 2291 1140 2322 visere
1161 2299 1190 2322 e.
1210 2288 1274 2322 ΠΙ.
1301 2287 1335 2329 3,
1359 2286 1407 2321 54
1433 2287 1481 2331 (o.
1508 2288 1556 2322 II.

121 2350 155 2399 53
179 2352 241 2405 9);
267 2366 433 2405 quaerens
453 2359 569 2405 perire
594 2369 624 2395 e.
645 2356 676 2402 Ι,
700 2355 758 2401 37,
790 2355 837 2396 22
846 2373 856 2405 ;
882 2357 932 2406 (c.
957 2358 1019 2396 IV.
1047 2357 1081 2403 4,
1107 2355 1173 2402 393
1197 2359 1261 2396 sat.
1279 2357 1327 2396 Π.
1358 2357 1389 2404 1,
1414 2356 1481 2402 77;
1507 2358 1555 2404 11,

122 2422 155 2464 7,
174 2424 262 2466 114;
287 2428 317 2461 I.
339 2427 375 2469 9,
401 2426 460 2472 8);
485 2429 608 2461 solitus
635 2427 843 2473 quinquies;
863 2429 1037 2462 tendentes
1060 2429 1262 2470 imposuisse
1284 2439 1314 2462 e.
1339 2428 1405 2462 111.
1428 2429 1464 2470 4,
1488 2427 1556 2469 52;

124 2491 269 2531 timentis
289 2497 435 2533 recitare
456 2497 520 2534 sat.
543 2496 574 2533 I.
592 2494 630 2542 4,
654 2494 718 2542 23;
755 2496 885 2533 timenti
907 2502 1088 2543 aeyrotare
1107 2495 1210 2545 epist.
1229 2496 1259 2537 Ι.
1285 2495 1320 2542 7,
1333 2495 1379 2542 4;
1407 2504 1556 2536 metuens

122 2566 258 2606 tanuen
291 2577 321 2603 e.
346 2567 412 2601 111.
441 2566 476 2609 9,
504 2566 570 2609 163
615 2567 662 2602 cf.
688 2569 756 2602 sat.
777 2568 826 2603 11.
853 2566 888 2609 3,
915 2566 1003 2608 11ος
1038 2568 1086 2601 Π.
1112 2566 1146 2609 5,
1161 2566 1239 2608 '653
1276 2573 1444 2602 metuente
1467 2571 1556 2603 solvi

120 2637 149 2664 ο.
174 2630 225 2668 11.
249 2630 285 2679 2,
311 2630 352 2678 7;
376 2639 526 2672 metum
553 2636 671 2672 audiri
695 2634 799 2684 epist.
826 2635 856 2672 I.
884 2633 939 2680 16,
964 2633 1023 2673 60.

1313 2695 1337 2730 2
