1745 2916
752 139 998 178 „28-

519 235 801 280 concurrantque
824 236 902 272 foro
932 235 1003 271 tria
1023 236 1164 278 rma,
1187 246 1317 280 magna
1343 235 1487 272 sonabit

519 304 659 341 Cornua
683 305 780 353 quod
802 306 984 350 vinem*
1008 304 1126 340 tubas.

171 373 244 408 Sat.
271 373 307 415 ΙΙ,
333 372 368 415 3,
394 372 482 409 182:
518 374 555 408 Ιιι
581 373 695 409 cicere
722 376 830 421 atque
847 374 938 410 ⁴febe.
961 374 1056 409 bone
1079 375 1120 408 tu
1144 376 1337 418 perdasque
1360 374 1506 427 lupinis,

393 441 480 479 130:
515 443 676 478 lasanum
699 445 737 479 te
762 453 883 480 omnes
906 442 1010 489 pueri
1031 443 1238 488 clamentque
1263 442 1417 489 puellae.

148 510 322 546 Omnibus
348 511 405 546 his
430 511 519 547 loeis
544 512 681 548 aceedit
703 512 879 559 particula
893 513 951 548 vud
975 512 1131 556 verbum,
1155 513 1220 560 qui
1243 524 1331 548 usus
1353 524 1426 548 non
1447 523 1527 549 raro
1545 525 1600 549 oo-

149 580 266 617 currit.
317 581 372 617 cf.
402 581 532 619 Tibull.
561 583 583 625 Ι,
614 581 644 626 1,
669 581 736 627 51;
778 583 803 626 Ι,
827 581 861 627 3,
887 581 953 626 563
981 583 1003 626 Ι,
1028 581 1063 626 4,
1088 581 1129 627 23
1156 583 1178 626 Ι,
1210 582 1264 627 10,
1290 581 1357 627 54;
1384 582 1484 619 Ovid.
1510 582 1602 619 trist.

149 650 206 692 Ν,
235 651 267 693 1,
291 649 337 685 74
366 651 444 688 hor.
474 650 511 694 9,
533 650 592 687 34.

275 719 394 755 Semel
417 722 556 755 tantum
581 719 756 766 particula
783 731 846 765 que
871 719 1102 761 substantivo,
1130 720 1226 766 quod
1250 731 1315 765 per
1337 720 1486 764 figurem
1510 718 1600 758 ἀπὸ·

148 792 280 826 κοινοῦ
305 788 344 824 in
370 788 481 825 altero
507 788 664 826 membro
689 789 846 834 positum
870 791 936 831 est,
962 788 1128 824 adiicitur
1152 789 1197 823 ab
1221 788 1368 824 Horatio
1393 800 1423 824 a.
1448 800 1483 834 p.
1511 786 1598 824 178:

147 857 286 902 Semper
311 859 348 893 in
373 859 545 894 adiunctis
572 868 767 903 aevoque
791 859 1065 893 morabimur
1087 860 1190 903 aptis,
1215 857 1278 906 qui
1298 857 1398 897 locus
1412 857 1600 896 admodum

146 930 202 963 est
229 926 479 970 memorabilis,
504 927 589 974 quia
613 930 650 963 et
667 928 814 964 verbum
838 929 1047 963 morabimur
1068 932 1105 963 et
1120 927 1380 965 substantivum
1394 939 1477 962 aevo
1495 926 1600 968 alteri

146 996 239 1043 parti
263 998 402 1033 servata
423 999 518 1033 sunt.
566 996 755 1034 Praeterea
781 996 888 1034 liceat
910 996 1000 1033 mihi
1026 997 1096 1035 duo
1123 996 1256 1034 Tibulli
1278 996 1373 1034 locos
1392 1008 1599 1044 proponere,

146 1066 209 1113 qui
232 1066 320 1102 mihi
342 1069 486 1112 praesto
514 1069 608 1103 sunt.

244 1136 267 1178 Ι,
295 1134 330 1179 6,
352 1133 424 1170 »813
461 1135 564 1170 Hanc
588 1133 705 1170 animo
729 1134 907 1179 gaudente
927 1133 1051 1169 vident
1072 1135 1292 1178 iuvenumque
1317 1136 1487 1177 catervae,

464 1204 747 1239 commemorant
770 1203 895 1239 merito
920 1205 973 1239 tot
997 1202 1090 1238 mala
1114 1203 1207 1238 ferre
1236 1214 1367 1246 senem,

144 1285 214 1320 quo
248 1273 325 1309 loco
360 1272 546 1318 genetivus
581 1284 629 1308 ex
650 1271 810 1309 subiecto
835 1272 995 1318 pendens
1022 1271 1161 1318 accepit
1184 1282 1266 1317 que,
1301 1272 1368 1307 hoc
1395 1275 1514 1308 autem
1537 1273 1597 1308 ob-

143 1342 295 1377 iectum:
1355 1368 1363 1379 „
1394 1369 1396 1371 ,

296 1412 319 1454 Ι,
345 1409 379 1454 7,
403 1409 471 1446 49:
506 1410 588 1447 Huc
614 1411 700 1446 ades
729 1412 767 1446 et
788 1412 931 1446 centum
953 1408 1049 1444 ludis
1078 1409 1282 1454 Geniumque
1309 1409 1444 1445 choreis

513 1479 729 1516 Concelebra
754 1482 791 1515 et
816 1478 927 1523 multo
952 1480 1110 1524 tempora
1133 1479 1245 1514 funde
1269 1491 1375 1514 mero.

142 1548 200 1583 Ad
225 1548 438 1584 adieefivum
463 1548 600 1584 accedit
622 1548 798 1595 particula
819 1559 882 1593 que
906 1547 1005 1583 hisce
1029 1546 1117 1583 locis
1141 1547 1361 1584 Horatianis:

145 1617 182 1652 C.
210 1619 232 1660 Ι,
263 1616 317 1660 12,
346 1617 410 1653 15:
449 1618 520 1656 Qui
552 1629 649 1654 mare
682 1630 724 1653 ac
743 1620 855 1653 terras
882 1619 1056 1661 variisque
1081 1617 1252 1652 mundum
1277 1617 1465 1662 Temperat
1487 1617 1595 1653 horis.

194 1687 231 1730 ΙΙ,
262 1685 316 1729 19,
340 1685 407 1722 28:
447 1686 549 1722 Pacis
574 1699 652 1722 eras
676 1688 871 1731 mediusque
896 1685 993 1721 belli.

180 1756 232 1797 ΙΙΙ,
261 1755 300 1797 1,
338 1754 403 1791 12:
446 1756 650 1791 Dcscendat
661 1756 700 1791 in
722 1767 884 1800 campum
896 1754 1028 1800 petitor
1041 1753 1196 1789 moribus
1213 1754 1272 1790 hic
1287 1756 1469 1800 meliorque
1484 1755 1593 1791 fama.

178 1823 237 1868 lv,
261 1824 303 1866 4,
342 1823 407 1858 11:
448 1824 549 1861 Ludo
574 1826 824 1870 fatigatumque
848 1835 978 1859 somno.

141 1892 220 1927 Hoc
246 1892 324 1928 loco
350 1904 500 1937 zeugma
523 1895 589 1930 est.
643 1893 715 1933 Qui
740 1892 835 1928 enim
860 1892 941 1939 quis
967 1894 1086 1938 potest
1107 1904 1228 1928 somno
1253 1892 1420 1937 fatigari?
1454 1894 1535 1928 Non
1555 1892 1595 1928 id

143 1961 246 1998 cadet
270 1961 309 1997 in
333 1961 450 1998 locum
478 1974 507 1998 c.
534 1963 586 1999 ΙΙΙ.
615 1962 670 2007 11,
699 1962 763 1999 13:
1267 2008 1272 2017 ¹

362 2032 416 2067 'Pu
443 2035 543 2078 potes
566 2033 676 2078 tigres
705 2035 905 2078 comitesque
932 2032 1038 2068 silvas
1066 2033 1196 2068 ducere
1219 2036 1256 2068 et
1281 2045 1379 2080 sequ.

142 2102 234 2137 Nam
264 2102 412 2137 verbum
435 2103 589 2138 ducendi
613 2103 681 2139 hoc
704 2102 781 2139 loco
808 2102 941 2138 habere
965 2101 1104 2139 videtur
1126 2101 1307 2138 notionem
1330 2102 1594 2149 generaliorem,

142 2184 234 2217 quae
257 2172 403 2217 propius
427 2172 567 2207 accedit
590 2174 635 2207 ad
661 2185 759 2215 eam,
802 2184 893 2219 quae
917 2172 1012 2207 inest
1034 2172 1074 2207 in
1096 2173 1202 2208 verbo
1222 2173 1403 2215 movendi,
1438 2173 1477 2208 id
1499 2174 1595 2219 quod

141 2240 259 2276 elucet
284 2253 330 2277 ex
355 2252 445 2276 vers.
472 2253 504 2277 a.
528 2253 563 2287 p.
589 2240 660 2277 395
687 2253 810 2288 sequ.:

389 2310 515 2346 Dictus
540 2313 577 2346 et
601 2310 777 2357 Amphion
802 2311 994 2346 Thebanae
1020 2310 1180 2346 conditor
1205 2309 1305 2345 urbis

393 2380 487 2415 Saxa
507 2392 648 2416 movere
672 2392 758 2416 sono
782 2379 974 2415 testudinis
1001 2383 1038 2415 et
1055 2373 1161 2426 prece
1185 2380 1317 2414 blanda

389 2449 544 2492 Ducere,
571 2462 641 2496 quo
667 2449 785 2485 vellet.
836 2449 890 2484 cf.
918 2449 1025 2484 etiam
1047 2448 1149 2485 Ovid.
1178 2451 1260 2484 met.
1283 2449 1345 2492 ΧΙ,
1371 2448 1403 2485 1.

137 2517 289 2554 Pluralis
317 2521 436 2554 autem
462 2520 599 2554 comites
627 2518 791 2555 adiecfivi
815 2530 961 2553 munero
989 2518 1151 2563 fungitur
1177 2520 1214 2554 et
1238 2518 1356 2554 locum
1378 2520 1478 2554 tenet
1494 2530 1593 2564 prae-

141 2587 248 2623 dicati
285 2589 330 2623 ad
366 2588 436 2623 duo
466 2587 604 2623 obiecta
638 2588 861 2634 pertinentis.
925 2587 1065 2623 Etenim
1090 2587 1122 2623 si
1147 2587 1305 2623 fabulam
1326 2599 1418 2633 quae
1443 2588 1594 2622 traditur
