<?xml version="1.0" encoding="UTF-8"?>
<!DOCTYPE html PUBLIC "-//W3C//DTD XHTML 1.0 Transitional//EN"
    "http://www.w3.org/TR/xhtml1/DTD/xhtml1-transitional.dtd">
<html xmlns="http://www.w3.org/1999/xhtml" xml:lang="en" lang="en">
 <head>
  <title>
</title>
<meta http-equiv="Content-Type" content="text/html;charset=utf-8" />
  <meta name='ocr-system' content='tesseract 3.04.00' />
  <meta name='ocr-capabilities' content='ocr_page ocr_carea ocr_par ocr_line ocrx_word'/>
</head>
<body>
  <div class='ocr_page' id='page_1' title='image "4737358_0036.png"; bbox 0 0 1745 2916; ppageno 0'>
   <div class='ocr_carea' id='block_1_1' title="bbox 118 564 1568 710">
    <p class='ocr_par' dir='ltr' id='par_1_1' title="bbox 118 564 1568 710">
     <span class='ocr_line' id='line_1_1' title="bbox 118 564 1568 664; baseline -0.002 -23"><span class='ocrx_word' id='word_1_1' title='bbox 118 564 205 654; x_wconf 72' lang='lat' dir='ltr'><strong>DE</strong></span> <span class='ocrx_word' id='word_1_2' title='bbox 235 596 543 654; x_wconf 65' lang='lat' dir='ltr'><strong>Pramum,</strong></span> <span class='ocrx_word' id='word_1_3' title='bbox 575 595 752 645; x_wconf 78' lang='lat' dir='ltr'><strong>QUAE</strong></span> <span class='ocrx_word' id='word_1_4' title='bbox 783 594 1053 664; x_wconf 72' lang='lat' dir='ltr'><strong>mor-run</strong></span> <span class='ocrx_word' id='word_1_5' title='bbox 1080 576 1418 642; x_wconf 61' lang='lat' dir='ltr'><strong>:moxozzvon</strong></span> <span class='ocrx_word' id='word_1_6' title='bbox 1444 579 1568 655; x_wconf 68' lang='lat' dir='ltr'><strong>usti</strong></span> 
     </span>
     <span class='ocr_line' id='line_1_2' title="bbox 548 663 1117 710; baseline -0.004 0"><span class='ocrx_word' id='word_1_7' title='bbox 548 667 725 710; x_wconf 80' lang='lat' dir='ltr'><strong>APUD</strong></span> <span class='ocrx_word' id='word_1_8' title='bbox 757 663 1117 710; x_wconf 68' lang='lat' dir='ltr'><strong>Hom-mm.</strong></span> 
     </span>
    </p>
   </div>
   <div class='ocr_carea' id='block_1_2' title="bbox 108 773 1568 2411">
    <p class='ocr_par' dir='ltr' id='par_1_2' title="bbox 108 773 1568 2411">
     <span class='ocr_line' id='line_1_3' title="bbox 243 773 1567 823; baseline -0.001 -11"><span class='ocrx_word' id='word_1_9' title='bbox 243 777 410 819; x_wconf 80' lang='lat' dir='ltr'>Schema,</span> <span class='ocrx_word' id='word_1_10' title='bbox 448 777 544 823; x_wconf 84' lang='lat' dir='ltr'><strong>quod</strong></span> <span class='ocrx_word' id='word_1_11' title='bbox 575 775 705 812; x_wconf 83' lang='lat' dir='ltr'><strong>dicitur</strong></span> <span class='ocrx_word' id='word_1_12' title='bbox 736 773 811 814; x_wconf 70' lang='lat' dir='ltr'><strong>«lud</strong></span> <span class='ocrx_word' id='word_1_13' title='bbox 845 780 978 814; x_wconf 77' lang='grc' dir='ltr'>κοινοῦ</span> <span class='ocrx_word' id='word_1_14' title='bbox 1005 776 1102 821; x_wconf 77' lang='lat' dir='ltr'><strong>apud</strong></span> <span class='ocrx_word' id='word_1_15' title='bbox 1120 776 1325 821; x_wconf 72' lang='lat' dir='ltr'><strong>=Graecos*)</strong></span> <span class='ocrx_word' id='word_1_16' title='bbox 1362 779 1400 811; x_wconf 85' lang='lat' dir='ltr'><strong>et</strong></span> <span class='ocrx_word' id='word_1_17' title='bbox 1422 776 1567 811; x_wconf 85' lang='lat' dir='ltr'><strong>Latinos</strong></span> 
     </span>
     <span class='ocr_line' id='line_1_4' title="bbox 114 844 1567 892; baseline -0.001 -11"><span class='ocrx_word' id='word_1_18' title='bbox 114 848 237 891; x_wconf 81' lang='lat' dir='ltr'><strong>poetas</strong></span> <span class='ocrx_word' id='word_1_19' title='bbox 272 845 460 880; x_wconf 87' lang='lat' dir='ltr'><strong>invenitur.</strong></span> <span class='ocrx_word' id='word_1_20' title='bbox 510 845 602 880; x_wconf 86' lang='lat' dir='ltr'><strong>Raro</strong></span> <span class='ocrx_word' id='word_1_21' title='bbox 629 844 782 880; x_wconf 87' lang='lat' dir='ltr'><strong>accurrit</strong></span> <span class='ocrx_word' id='word_1_22' title='bbox 806 845 901 891; x_wconf 86' lang='lat' dir='ltr'><strong>apud</strong></span> <span class='ocrx_word' id='word_1_23' title='bbox 925 845 1131 880; x_wconf 82' lang='lat' dir='ltr'><strong>Lucretium</strong></span> <span class='ocrx_word' id='word_1_24' title='bbox 1153 848 1190 880; x_wconf 87' lang='lat' dir='ltr'><strong>ct</strong></span> <span class='ocrx_word' id='word_1_25' title='bbox 1213 844 1447 892; x_wconf 78' lang='lat' dir='ltr'><strong>Propertium,</strong></span> <span class='ocrx_word' id='word_1_26' title='bbox 1467 845 1567 891; x_wconf 59' lang='lat' dir='ltr'><strong>apud</strong></span> 
     </span>
     <span class='ocr_line' id='line_1_5' title="bbox 117 912 1568 962; baseline -0.001 -10"><span class='ocrx_word' id='word_1_27' title='bbox 117 915 296 952; x_wconf 84' lang='lat' dir='ltr'><strong>Catullum</strong></span> <span class='ocrx_word' id='word_1_28' title='bbox 315 915 354 951; x_wconf 86' lang='lat' dir='ltr'><strong>ni</strong></span> <span class='ocrx_word' id='word_1_29' title='bbox 378 914 494 958; x_wconf 79' lang='lat' dir='ltr'><strong>fallor,</strong></span> <span class='ocrx_word' id='word_1_30' title='bbox 521 917 576 951; x_wconf 81' lang='lat' dir='ltr'><strong>ter</strong></span> <span class='ocrx_word' id='word_1_31' title='bbox 599 915 656 951; x_wconf 86' lang='lat' dir='ltr'><strong>vel</strong></span> <span class='ocrx_word' id='word_1_32' title='bbox 681 918 816 962; x_wconf 81' lang='lat' dir='ltr'><strong>quator,</strong></span> <span class='ocrx_word' id='word_1_33' title='bbox 843 915 986 961; x_wconf 76' lang='lat' dir='ltr'><strong>saepius</strong></span> <span class='ocrx_word' id='word_1_34' title='bbox 1009 912 1103 961; x_wconf 79' lang='lat' dir='ltr'><strong>apud</strong></span> <span class='ocrx_word' id='word_1_35' title='bbox 1125 913 1315 950; x_wconf 84' lang='lat' dir='ltr'>Tibullum.</span> <span class='ocrx_word' id='word_1_36' title='bbox 1365 915 1495 950; x_wconf 77' lang='lat' dir='ltr'><strong>Nullus</strong></span> <span class='ocrx_word' id='word_1_37' title='bbox 1517 918 1568 950; x_wconf 87' lang='lat' dir='ltr'><strong>ta-</strong></span> 
     </span>
     <span class='ocr_line' id='line_1_6' title="bbox 114 983 1568 1030; baseline -0.001 -11"><span class='ocrx_word' id='word_1_38' title='bbox 114 996 195 1019; x_wconf 88' lang='lat' dir='ltr'><strong>men</strong></span> <span class='ocrx_word' id='word_1_39' title='bbox 218 986 324 1029; x_wconf 79' lang='lat' dir='ltr'><strong>poeta</strong></span> <span class='ocrx_word' id='word_1_40' title='bbox 351 988 425 1018; x_wconf 83' lang='lat' dir='ltr'><strong>tam</strong></span> <span class='ocrx_word' id='word_1_41' title='bbox 449 984 545 1019; x_wconf 82' lang='lat' dir='ltr'><strong>varie</strong></span> <span class='ocrx_word' id='word_1_42' title='bbox 571 995 613 1018; x_wconf 87' lang='lat' dir='ltr'><strong>ea</strong></span> <span class='ocrx_word' id='word_1_43' title='bbox 637 984 750 1027; x_wconf 78' lang='lat' dir='ltr'><strong>figura</strong></span> <span class='ocrx_word' id='word_1_44' title='bbox 773 995 861 1018; x_wconf 84' lang='lat' dir='ltr'><strong>usus</strong></span> <span class='ocrx_word' id='word_1_45' title='bbox 887 986 942 1018; x_wconf 82' lang='lat' dir='ltr'><strong>est</strong></span> <span class='ocrx_word' id='word_1_46' title='bbox 965 994 1072 1030; x_wconf 87' lang='lat' dir='ltr'><strong>quam</strong></span> <span class='ocrx_word' id='word_1_47' title='bbox 1095 983 1274 1018; x_wconf 73' lang='lat' dir='ltr'><strong>nuntius.</strong></span> <span class='ocrx_word' id='word_1_48' title='bbox 1316 983 1443 1018; x_wconf 79' lang='lat' dir='ltr'><strong>-cuius</strong></span> <span class='ocrx_word' id='word_1_49' title='bbox 1469 984 1568 1019; x_wconf 80' lang='lat' dir='ltr'><strong>sche-</strong></span> 
     </span>
     <span class='ocr_line' id='line_1_7' title="bbox 114 1052 1567 1099; baseline -0.001 -11"><span class='ocrx_word' id='word_1_50' title='bbox 114 1053 218 1089; x_wconf 81' lang='lat' dir='ltr'><strong>matis</strong></span> <span class='ocrx_word' id='word_1_51' title='bbox 252 1052 304 1088; x_wconf 88' lang='lat' dir='ltr'><strong>vis</strong></span> <span class='ocrx_word' id='word_1_52' title='bbox 338 1055 375 1089; x_wconf 82' lang='lat' dir='ltr'><strong>et</strong></span> <span class='ocrx_word' id='word_1_53' title='bbox 396 1055 523 1088; x_wconf 79' lang='lat' dir='ltr'><strong>natura</strong></span> <span class='ocrx_word' id='word_1_54' title='bbox 548 1055 625 1097; x_wconf 89' lang='lat' dir='ltr'><strong>est,</strong></span> <span class='ocrx_word' id='word_1_55' title='bbox 663 1055 705 1088; x_wconf 89' lang='lat' dir='ltr'><strong>ut</strong></span> <span class='ocrx_word' id='word_1_56' title='bbox 727 1053 892 1096; x_wconf 87' lang='lat' dir='ltr'><strong>verbum,</strong></span> <span class='ocrx_word' id='word_1_57' title='bbox 927 1053 1022 1099; x_wconf 88' lang='lat' dir='ltr'><strong>quod</strong></span> <span class='ocrx_word' id='word_1_58' title='bbox 1048 1053 1093 1088; x_wconf 76' lang='lat' dir='ltr'><strong>ad</strong></span> <span class='ocrx_word' id='word_1_59' title='bbox 1119 1053 1190 1088; x_wconf 90' lang='lat' dir='ltr'><strong>duo</strong></span> <span class='ocrx_word' id='word_1_60' title='bbox 1216 1053 1384 1088; x_wconf 81' lang='lat' dir='ltr'><strong>orationis</strong></span> <span class='ocrx_word' id='word_1_61' title='bbox 1408 1053 1567 1088; x_wconf 74' lang='lat' dir='ltr'><strong>membra</strong></span> 
     </span>
     <span class='ocr_line' id='line_1_8' title="bbox 112 1121 1567 1169; baseline -0.001 -12"><span class='ocrx_word' id='word_1_62' title='bbox 112 1122 287 1168; x_wconf 77' lang='lat' dir='ltr'><strong>pertinet,</strong></span> <span class='ocrx_word' id='word_1_63' title='bbox 313 1121 426 1160; x_wconf 77' lang='lat' dir='ltr'><strong>alteri,</strong></span> <span class='ocrx_word' id='word_1_64' title='bbox 453 1125 494 1156; x_wconf 90' lang='lat' dir='ltr'><strong>ut</strong></span> <span class='ocrx_word' id='word_1_65' title='bbox 514 1122 566 1157; x_wconf 80' lang='lat' dir='ltr'><strong>ita</strong></span> <span class='ocrx_word' id='word_1_66' title='bbox 590 1121 715 1164; x_wconf 85' lang='lat' dir='ltr'><strong>dicam,</strong></span> <span class='ocrx_word' id='word_1_67' title='bbox 739 1123 940 1157; x_wconf 73' lang='lat' dir='ltr'><strong>reservetur</strong></span> <span class='ocrx_word' id='word_1_68' title='bbox 970 1121 1009 1156; x_wconf 89' lang='lat' dir='ltr'><strong>in</strong></span> <span class='ocrx_word' id='word_1_69' title='bbox 1033 1133 1145 1169; x_wconf 86' lang='lat' dir='ltr'><strong>eoque</strong></span> <span class='ocrx_word' id='word_1_70' title='bbox 1171 1124 1332 1167; x_wconf 81' lang='lat' dir='ltr'><strong>ponatur.</strong></span> <span class='ocrx_word' id='word_1_71' title='bbox 1384 1121 1423 1156; x_wconf 89' lang='lat' dir='ltr'><strong>Si</strong></span> <span class='ocrx_word' id='word_1_72' title='bbox 1450 1132 1567 1157; x_wconf 84' lang='lat' dir='ltr'><strong>exem-</strong></span> 
     </span>
     <span class='ocr_line' id='line_1_9' title="bbox 112 1190 1566 1238; baseline -0.001 -11"><span class='ocrx_word' id='word_1_73' title='bbox 112 1191 212 1237; x_wconf 89' lang='lat' dir='ltr'><strong>plum</strong></span> <span class='ocrx_word' id='word_1_74' title='bbox 246 1190 523 1237; x_wconf 85' lang='lat' dir='ltr'><strong>contemplamur</strong></span> <span class='ocrx_word' id='word_1_75' title='bbox 556 1191 662 1238; x_wconf 86' lang='lat' dir='ltr'><strong>quale</strong></span> <span class='ocrx_word' id='word_1_76' title='bbox 685 1192 754 1227; x_wconf 90' lang='lat' dir='ltr'><strong>hoc</strong></span> <span class='ocrx_word' id='word_1_77' title='bbox 778 1193 855 1227; x_wconf 86' lang='lat' dir='ltr'><strong>est:</strong></span> <span class='ocrx_word' id='word_1_78' title='bbox 904 1191 1041 1237; x_wconf 88' lang='lat' dir='ltr'><strong>(nenia)</strong></span> <span class='ocrx_word' id='word_1_79' title='bbox 1072 1191 1114 1226; x_wconf 72' lang='lat' dir='ltr'><strong>Et</strong></span> <span class='ocrx_word' id='word_1_80' title='bbox 1137 1193 1290 1226; x_wconf 75' lang='lat' dir='ltr'><strong>maribus</strong></span> <span class='ocrx_word' id='word_1_81' title='bbox 1318 1192 1430 1226; x_wconf 71' lang='lat' dir='ltr'><strong>Curiis</strong></span> <span class='ocrx_word' id='word_1_82' title='bbox 1455 1198 1486 1226; x_wconf 73' lang='lat' dir='ltr'><strong>et</strong></span> <span class='ocrx_word' id='word_1_83' title='bbox 1513 1193 1566 1226; x_wconf 77' lang='lat' dir='ltr'><strong>de-</strong></span> 
     </span>
     <span class='ocr_line' id='line_1_10' title="bbox 115 1259 1567 1306; baseline 0 -12"><span class='ocrx_word' id='word_1_84' title='bbox 115 1267 256 1295; x_wconf 74' lang='lat' dir='ltr'><strong>cantata</strong></span> <span class='ocrx_word' id='word_1_85' title='bbox 283 1262 437 1295; x_wconf 72' lang='lat' dir='ltr'><strong>camillis</strong></span> <span class='ocrx_word' id='word_1_86' title='bbox 462 1260 584 1306; x_wconf 86' lang='lat' dir='ltr'><strong>(epist.</strong></span> <span class='ocrx_word' id='word_1_87' title='bbox 600 1261 629 1303; x_wconf 85' lang='grc' dir='ltr'><strong>Ι,</strong></span> <span class='ocrx_word' id='word_1_88' title='bbox 658 1260 690 1295; x_wconf 93' lang='grc'><strong>1.</strong></span> <span class='ocrx_word' id='word_1_89' title='bbox 707 1259 781 1306; x_wconf 87' lang='grc'>64),</span> <span class='ocrx_word' id='word_1_90' title='bbox 811 1260 916 1295; x_wconf 87' lang='lat' dir='ltr'><strong>facile</strong></span> <span class='ocrx_word' id='word_1_91' title='bbox 942 1260 1055 1306; x_wconf 91' lang='lat' dir='ltr'><strong>primo</strong></span> <span class='ocrx_word' id='word_1_92' title='bbox 1080 1261 1227 1306; x_wconf 86' lang='lat' dir='ltr'><strong>aspectu</strong></span> <span class='ocrx_word' id='word_1_93' title='bbox 1253 1259 1364 1296; x_wconf 87' lang='lat' dir='ltr'><strong>lector</strong></span> <span class='ocrx_word' id='word_1_94' title='bbox 1384 1262 1567 1295; x_wconf 74' lang='lat' dir='ltr'><strong>decantata</strong></span> 
     </span>
     <span class='ocr_line' id='line_1_11' title="bbox 113 1328 1567 1376; baseline -0.001 -11"><span class='ocrx_word' id='word_1_95' title='bbox 113 1330 158 1365; x_wconf 79' lang='lat' dir='ltr'><strong>ad</strong></span> <span class='ocrx_word' id='word_1_96' title='bbox 187 1331 341 1365; x_wconf 68' lang='lat' dir='ltr'><strong>Camillis</strong></span> <span class='ocrx_word' id='word_1_97' title='bbox 383 1332 522 1364; x_wconf 85' lang='lat' dir='ltr'><strong>tantum</strong></span> <span class='ocrx_word' id='word_1_98' title='bbox 555 1329 734 1376; x_wconf 87' lang='lat' dir='ltr'><strong>pertinere</strong></span> <span class='ocrx_word' id='word_1_99' title='bbox 761 1328 949 1365; x_wconf 83' lang='lat' dir='ltr'><strong>existimet.</strong></span> <span class='ocrx_word' id='word_1_100' title='bbox 1004 1330 1076 1365; x_wconf 84' lang='lat' dir='ltr'><strong>Sed</strong></span> <span class='ocrx_word' id='word_1_101' title='bbox 1099 1329 1208 1365; x_wconf 83' lang='lat' dir='ltr'><strong>etiam</strong></span> <span class='ocrx_word' id='word_1_102' title='bbox 1232 1330 1278 1364; x_wconf 91' lang='lat' dir='ltr'><strong>ad</strong></span> <span class='ocrx_word' id='word_1_103' title='bbox 1303 1329 1454 1364; x_wconf 84' lang='lat' dir='ltr'><strong>alterum</strong></span> <span class='ocrx_word' id='word_1_104' title='bbox 1479 1329 1567 1365; x_wconf 79' lang='lat' dir='ltr'><strong>dati-</strong></span> 
     </span>
     <span class='ocr_line' id='line_1_12' title="bbox 111 1397 1567 1440; baseline -0.001 -6"><span class='ocrx_word' id='word_1_105' title='bbox 111 1411 193 1434; x_wconf 85' lang='lat' dir='ltr'><strong>vum</strong></span> <span class='ocrx_word' id='word_1_106' title='bbox 215 1399 443 1434; x_wconf 77' lang='lat' dir='ltr'><strong>referendum</strong></span> <span class='ocrx_word' id='word_1_107' title='bbox 467 1402 522 1434; x_wconf 80' lang='lat' dir='ltr'><strong>est</strong></span> <span class='ocrx_word' id='word_1_108' title='bbox 545 1398 614 1440; x_wconf 81' lang='lat' dir='ltr'><strong>ita,</strong></span> <span class='ocrx_word' id='word_1_109' title='bbox 657 1401 699 1433; x_wconf 85' lang='lat' dir='ltr'><strong>ut</strong></span> <span class='ocrx_word' id='word_1_110' title='bbox 727 1398 909 1434; x_wconf 72' lang='lat' dir='ltr'>collocatio</span> <span class='ocrx_word' id='word_1_111' title='bbox 937 1399 1085 1433; x_wconf 81' lang='lat' dir='ltr'><strong>naturae</strong></span> <span class='ocrx_word' id='word_1_112' title='bbox 1110 1398 1373 1433; x_wconf 80' lang='lat' dir='ltr'><strong>convenientior</strong></span> <span class='ocrx_word' id='word_1_113' title='bbox 1400 1397 1466 1433; x_wconf 86' lang='lat' dir='ltr'><strong>sit:</strong></span> <span class='ocrx_word' id='word_1_114' title='bbox 1510 1400 1567 1434; x_wconf 74' lang='lat' dir='ltr'><strong>de·</strong></span> 
     </span>
     <span class='ocr_line' id='line_1_13' title="bbox 112 1468 1566 1509; baseline 0 -6"><span class='ocrx_word' id='word_1_115' title='bbox 112 1474 253 1504; x_wconf 74' lang='lat' dir='ltr'><strong>cantata</strong></span> <span class='ocrx_word' id='word_1_116' title='bbox 277 1474 309 1503; x_wconf 78' lang='lat' dir='ltr'><strong>el</strong></span> <span class='ocrx_word' id='word_1_117' title='bbox 329 1479 374 1504; x_wconf 77' lang='lat' dir='ltr'><strong>m,</strong></span> <span class='ocrx_word' id='word_1_118' title='bbox 405 1469 516 1503; x_wconf 73' lang='lat' dir='ltr'><strong>Curiis</strong></span> <span class='ocrx_word' id='word_1_119' title='bbox 541 1473 572 1502; x_wconf 74' lang='lat' dir='ltr'><strong>et</strong></span> <span class='ocrx_word' id='word_1_120' title='bbox 600 1468 763 1509; x_wconf 74' lang='lat' dir='ltr'><strong><em>Camillis,</em></strong></span> <span class='ocrx_word' id='word_1_121' title='bbox 791 1470 872 1503; x_wconf 82' lang='lat' dir='ltr'><strong>aut:</strong></span> <span class='ocrx_word' id='word_1_122' title='bbox 901 1473 931 1502; x_wconf 79' lang='lat' dir='ltr'><strong>et</strong></span> <span class='ocrx_word' id='word_1_123' title='bbox 955 1469 1108 1503; x_wconf 76' lang='lat' dir='ltr'><strong>maribus</strong></span> <span class='ocrx_word' id='word_1_124' title='bbox 1136 1469 1247 1503; x_wconf 78' lang='lat' dir='ltr'><strong>Curiis</strong></span> <span class='ocrx_word' id='word_1_125' title='bbox 1272 1474 1303 1502; x_wconf 77' lang='lat' dir='ltr'><strong>et</strong></span> <span class='ocrx_word' id='word_1_126' title='bbox 1332 1469 1485 1503; x_wconf 74' lang='lat' dir='ltr'><strong><em>Camillis</em></strong></span> <span class='ocrx_word' id='word_1_127' title='bbox 1510 1470 1566 1503; x_wconf 78' lang='lat' dir='ltr'><strong>de-</strong></span> 
     </span>
     <span class='ocr_line' id='line_1_14' title="bbox 111 1535 1565 1583; baseline 0 -12"><span class='ocrx_word' id='word_1_128' title='bbox 111 1540 261 1571; x_wconf 69' lang='lat' dir='ltr'><strong>cantata.</strong></span> <span class='ocrx_word' id='word_1_129' title='bbox 309 1537 375 1570; x_wconf 86' lang='lat' dir='ltr'><strong>Est</strong></span> <span class='ocrx_word' id='word_1_130' title='bbox 398 1539 518 1570; x_wconf 89' lang='lat' dir='ltr'><strong>autem</strong></span> <span class='ocrx_word' id='word_1_131' title='bbox 542 1538 724 1570; x_wconf 73' lang='lat' dir='ltr'><strong>decantata</strong></span> <span class='ocrx_word' id='word_1_132' title='bbox 748 1536 800 1570; x_wconf 84' lang='lat' dir='ltr'><strong>ita</strong></span> <span class='ocrx_word' id='word_1_133' title='bbox 823 1536 978 1580; x_wconf 86' lang='lat' dir='ltr'><strong>positum</strong></span> <span class='ocrx_word' id='word_1_134' title='bbox 990 1562 999 1579; x_wconf 90' lang='lat'><em>‚</em></span> <span class='ocrx_word' id='word_1_135' title='bbox 1035 1536 1137 1582; x_wconf 85' lang='lat' dir='ltr'><strong>quasi</strong></span> <span class='ocrx_word' id='word_1_136' title='bbox 1162 1535 1218 1570; x_wconf 85' lang='lat' dir='ltr'><strong>bis</strong></span> <span class='ocrx_word' id='word_1_137' title='bbox 1245 1536 1405 1579; x_wconf 76' lang='lat' dir='ltr'><strong>adesset,</strong></span> <span class='ocrx_word' id='word_1_138' title='bbox 1446 1547 1565 1583; x_wconf 88' lang='lat' dir='ltr'><strong>neque</strong></span> 
     </span>
     <span class='ocr_line' id='line_1_15' title="bbox 109 1604 1564 1651; baseline 0 -9"><span class='ocrx_word' id='word_1_139' title='bbox 109 1608 228 1642; x_wconf 79' lang='lat' dir='ltr'><strong>tamen</strong></span> <span class='ocrx_word' id='word_1_140' title='bbox 257 1605 317 1641; x_wconf 89' lang='lat' dir='ltr'><strong>hic</strong></span> <span class='ocrx_word' id='word_1_141' title='bbox 344 1617 431 1641; x_wconf 88' lang='lat' dir='ltr'><strong>usus</strong></span> <span class='ocrx_word' id='word_1_142' title='bbox 457 1617 503 1641; x_wconf 84' lang='lat' dir='ltr'><strong>ex</strong></span> <span class='ocrx_word' id='word_1_143' title='bbox 527 1604 645 1651; x_wconf 82' lang='lat' dir='ltr'><strong>ellipsi</strong></span> <span class='ocrx_word' id='word_1_144' title='bbox 669 1605 733 1640; x_wconf 82' lang='lat' dir='ltr'><strong>sed</strong></span> <span class='ocrx_word' id='word_1_145' title='bbox 755 1616 802 1640; x_wconf 86' lang='lat' dir='ltr'><strong>ex</strong></span> <span class='ocrx_word' id='word_1_146' title='bbox 826 1604 901 1640; x_wconf 79' lang='lat' dir='ltr'><strong>sola</strong></span> <span class='ocrx_word' id='word_1_147' title='bbox 924 1605 1110 1641; x_wconf 89' lang='lat' dir='ltr'><strong>verborum</strong></span> <span class='ocrx_word' id='word_1_148' title='bbox 1149 1605 1379 1642; x_wconf 79' lang='lat' dir='ltr'><strong>collocatione</strong></span> <span class='ocrx_word' id='word_1_149' title='bbox 1404 1608 1564 1651; x_wconf 83' lang='lat' dir='ltr'><strong>repeten-</strong></span> 
     </span>
     <span class='ocr_line' id='line_1_16' title="bbox 109 1674 1564 1720; baseline -0.001 -10"><span class='ocrx_word' id='word_1_150' title='bbox 109 1677 176 1710; x_wconf 80' lang='lat' dir='ltr'><strong>dus</strong></span> <span class='ocrx_word' id='word_1_151' title='bbox 204 1677 267 1710; x_wconf 85' lang='lat' dir='ltr'><strong>est.</strong></span> <span class='ocrx_word' id='word_1_152' title='bbox 305 1676 376 1709; x_wconf 86' lang='lat' dir='ltr'><strong>Sed</strong></span> <span class='ocrx_word' id='word_1_153' title='bbox 400 1675 431 1708; x_wconf 85' lang='lat' dir='ltr'><strong>si</strong></span> <span class='ocrx_word' id='word_1_154' title='bbox 458 1687 478 1709; x_wconf 80' lang='lat' dir='ltr'><strong>a</strong></span> <span class='ocrx_word' id='word_1_155' title='bbox 496 1685 601 1709; x_wconf 83' lang='lat' dir='ltr'><strong>versu</strong></span> <span class='ocrx_word' id='word_1_156' title='bbox 629 1674 845 1709; x_wconf 78' lang='lat' dir='ltr'><strong>discedimus</strong></span> <span class='ocrx_word' id='word_1_157' title='bbox 869 1685 934 1719; x_wconf 88' lang='lat' dir='ltr'><strong>pro</strong></span> <span class='ocrx_word' id='word_1_158' title='bbox 961 1681 992 1708; x_wconf 81' lang='lat' dir='ltr'><strong>et</strong></span> <span class='ocrx_word' id='word_1_159' title='bbox 1017 1674 1124 1709; x_wconf 81' lang='lat' dir='ltr'><strong>etiam</strong></span> <span class='ocrx_word' id='word_1_160' title='bbox 1139 1684 1201 1718; x_wconf 78' lang='lat' dir='ltr'><strong>quc</strong></span> <span class='ocrx_word' id='word_1_161' title='bbox 1219 1675 1306 1710; x_wconf 87' lang='lat' dir='ltr'><strong>licet</strong></span> <span class='ocrx_word' id='word_1_162' title='bbox 1320 1685 1493 1720; x_wconf 87' lang='lat' dir='ltr'><strong>usurpare</strong></span> <span class='ocrx_word' id='word_1_163' title='bbox 1512 1674 1564 1710; x_wconf 89' lang='lat' dir='ltr'><strong>ita</strong></span> 
     </span>
     <span class='ocr_line' id='line_1_17' title="bbox 109 1741 1564 1790; baseline 0 -11"><span class='ocrx_word' id='word_1_164' title='bbox 109 1749 150 1779; x_wconf 86' lang='lat' dir='ltr'><strong>ut</strong></span> <span class='ocrx_word' id='word_1_165' title='bbox 176 1741 246 1779; x_wconf 87' lang='lat' dir='ltr'><strong>dici</strong></span> <span class='ocrx_word' id='word_1_166' title='bbox 272 1743 408 1790; x_wconf 84' lang='lat' dir='ltr'><strong>possit:</strong></span> <span class='ocrx_word' id='word_1_167' title='bbox 435 1750 465 1778; x_wconf 78' lang='lat' dir='ltr'><strong>et</strong></span> <span class='ocrx_word' id='word_1_168' title='bbox 488 1745 641 1778; x_wconf 76' lang='lat' dir='ltr'><strong>maribus</strong></span> <span class='ocrx_word' id='word_1_169' title='bbox 663 1744 775 1778; x_wconf 72' lang='lat' dir='ltr'><strong>Curiis</strong></span> <span class='ocrx_word' id='word_1_170' title='bbox 793 1745 1039 1787; x_wconf 69' lang='lat' dir='ltr'><strong>decaniamque</strong></span> <span class='ocrx_word' id='word_1_171' title='bbox 1058 1745 1211 1778; x_wconf 79' lang='lat' dir='ltr'><strong>Camillis</strong></span> <span class='ocrx_word' id='word_1_172' title='bbox 1250 1744 1372 1786; x_wconf 88' lang='lat' dir='ltr'><strong>Vides,</strong></span> <span class='ocrx_word' id='word_1_173' title='bbox 1401 1755 1472 1790; x_wconf 86' lang='lat' dir='ltr'><strong>quo</strong></span> <span class='ocrx_word' id='word_1_174' title='bbox 1488 1746 1564 1779; x_wconf 85' lang='lat' dir='ltr'><strong>ten-</strong></span> 
     </span>
     <span class='ocr_line' id='line_1_18' title="bbox 110 1811 1564 1857; baseline 0 -10"><span class='ocrx_word' id='word_1_175' title='bbox 110 1813 202 1847; x_wconf 82' lang='lat' dir='ltr'><strong>dam.</strong></span> <span class='ocrx_word' id='word_1_176' title='bbox 252 1813 384 1847; x_wconf 84' lang='lat' dir='ltr'><strong>Notum</strong></span> <span class='ocrx_word' id='word_1_177' title='bbox 409 1812 504 1845; x_wconf 87' lang='lat' dir='ltr'><strong>enim</strong></span> <span class='ocrx_word' id='word_1_178' title='bbox 530 1815 586 1846; x_wconf 88' lang='lat' dir='ltr'><strong>est</strong></span> <span class='ocrx_word' id='word_1_179' title='bbox 609 1811 801 1856; x_wconf 82' lang='lat' dir='ltr'><strong>particulas</strong></span> <span class='ocrx_word' id='word_1_180' title='bbox 823 1821 886 1854; x_wconf 67' lang='lat' dir='ltr'><strong>quc</strong></span> <span class='ocrx_word' id='word_1_181' title='bbox 899 1836 907 1851; x_wconf 92' lang='lat'><em>‚</em></span> <span class='ocrx_word' id='word_1_182' title='bbox 932 1822 991 1851; x_wconf 84' lang='lat' dir='ltr'><strong>ve,</strong></span> <span class='ocrx_word' id='word_1_183' title='bbox 1016 1822 1058 1844; x_wconf 70' lang='lat' dir='ltr'><strong>ue</strong></span> <span class='ocrx_word' id='word_1_184' title='bbox 1083 1822 1193 1857; x_wconf 90' lang='lat' dir='ltr'><strong>quum</strong></span> <span class='ocrx_word' id='word_1_185' title='bbox 1217 1812 1312 1856; x_wconf 84' lang='lat' dir='ltr'><strong>apud</strong></span> <span class='ocrx_word' id='word_1_186' title='bbox 1336 1823 1457 1846; x_wconf 88' lang='lat' dir='ltr'><strong>omnes</strong></span> <span class='ocrx_word' id='word_1_187' title='bbox 1483 1824 1564 1857; x_wconf 87' lang='lat' dir='ltr'><strong>pce-</strong></span> 
     </span>
     <span class='ocr_line' id='line_1_19' title="bbox 109 1878 1565 1925; baseline 0.001 -9"><span class='ocrx_word' id='word_1_188' title='bbox 109 1883 165 1916; x_wconf 87' lang='lat' dir='ltr'><strong>tas</strong></span> <span class='ocrx_word' id='word_1_189' title='bbox 186 1879 332 1916; x_wconf 83' lang='lat' dir='ltr'><strong>Latinos</strong></span> <span class='ocrx_word' id='word_1_190' title='bbox 368 1883 444 1915; x_wconf 83' lang='lat' dir='ltr'><strong>tum</strong></span> <span class='ocrx_word' id='word_1_191' title='bbox 478 1879 573 1925; x_wconf 82' lang='lat' dir='ltr'><strong>apud</strong></span> <span class='ocrx_word' id='word_1_192' title='bbox 599 1878 789 1916; x_wconf 80' lang='lat' dir='ltr'><strong>Horatium</strong></span> <span class='ocrx_word' id='word_1_193' title='bbox 822 1880 943 1915; x_wconf 82' lang='lat' dir='ltr'><strong>sedem</strong></span> <span class='ocrx_word' id='word_1_194' title='bbox 969 1890 1069 1915; x_wconf 79' lang='lat' dir='ltr'><strong>suam</strong></span> <span class='ocrx_word' id='word_1_195' title='bbox 1095 1881 1162 1916; x_wconf 90' lang='lat' dir='ltr'><strong>hoc</strong></span> <span class='ocrx_word' id='word_1_196' title='bbox 1186 1880 1289 1916; x_wconf 88' lang='lat' dir='ltr'><strong>modo</strong></span> <span class='ocrx_word' id='word_1_197' title='bbox 1315 1893 1388 1917; x_wconf 88' lang='lat' dir='ltr'><strong>non</strong></span> <span class='ocrx_word' id='word_1_198' title='bbox 1409 1892 1488 1917; x_wconf 83' lang='lat' dir='ltr'><strong>raro</strong></span> <span class='ocrx_word' id='word_1_199' title='bbox 1511 1893 1565 1917; x_wconf 89' lang='lat' dir='ltr'><strong>re-</strong></span> 
     </span>
     <span class='ocr_line' id='line_1_20' title="bbox 108 1948 1564 1996; baseline 0.001 -13"><span class='ocrx_word' id='word_1_200' title='bbox 108 1950 283 1996; x_wconf 85' lang='lat' dir='ltr'><strong>linquere.</strong></span> <span class='ocrx_word' id='word_1_201' title='bbox 346 1949 468 1983; x_wconf 80' lang='lat' dir='ltr'><strong>Vcluti</strong></span> <span class='ocrx_word' id='word_1_202' title='bbox 500 1952 620 1984; x_wconf 81' lang='lat' dir='ltr'><strong>nostro</strong></span> <span class='ocrx_word' id='word_1_203' title='bbox 647 1949 724 1984; x_wconf 89' lang='lat' dir='ltr'><strong>looo</strong></span> <span class='ocrx_word' id='word_1_204' title='bbox 737 1975 745 1991; x_wconf 92' lang='lat'>,</span> <span class='ocrx_word' id='word_1_205' title='bbox 774 1948 912 1984; x_wconf 87' lang='lat' dir='ltr'><strong>scilicet</strong></span> <span class='ocrx_word' id='word_1_206' title='bbox 937 1951 980 1983; x_wconf 88' lang='lat' dir='ltr'><strong>ut</strong></span> <span class='ocrx_word' id='word_1_207' title='bbox 1004 1960 1069 1993; x_wconf 79' lang='lat' dir='ltr'><strong>ego</strong></span> <span class='ocrx_word' id='word_1_208' title='bbox 1098 1961 1180 1984; x_wconf 90' lang='lat' dir='ltr'><strong>eum</strong></span> <span class='ocrx_word' id='word_1_209' title='bbox 1203 1949 1356 1991; x_wconf 83' lang='lat' dir='ltr'><strong>mutavi,</strong></span> <span class='ocrx_word' id='word_1_210' title='bbox 1389 1950 1564 1995; x_wconf 85' lang='lat' dir='ltr'><strong>particula</strong></span> 
     </span>
     <span class='ocr_line' id='line_1_21' title="bbox 109 2016 1563 2065; baseline 0.002 -13"><span class='ocrx_word' id='word_1_211' title='bbox 109 2029 172 2063; x_wconf 75' lang='lat' dir='ltr'><strong>que</strong></span> <span class='ocrx_word' id='word_1_212' title='bbox 196 2030 270 2054; x_wconf 86' lang='lat' dir='ltr'><strong>non</strong></span> <span class='ocrx_word' id='word_1_213' title='bbox 294 2018 340 2052; x_wconf 85' lang='lat' dir='ltr'><strong>ad</strong></span> <span class='ocrx_word' id='word_1_214' title='bbox 363 2016 589 2063; x_wconf 85' lang='lat' dir='ltr'><strong>participium</strong></span> <span class='ocrx_word' id='word_1_215' title='bbox 614 2017 673 2053; x_wconf 82' lang='lat' dir='ltr'><strong>cui</strong></span> <span class='ocrx_word' id='word_1_216' title='bbox 698 2017 836 2054; x_wconf 82' lang='lat' dir='ltr'><strong>adiecta</strong></span> <span class='ocrx_word' id='word_1_217' title='bbox 860 2019 925 2061; x_wconf 86' lang='lat' dir='ltr'><strong>est,</strong></span> <span class='ocrx_word' id='word_1_218' title='bbox 947 2018 1011 2053; x_wconf 86' lang='lat' dir='ltr'><strong>sed</strong></span> <span class='ocrx_word' id='word_1_219' title='bbox 1035 2018 1082 2053; x_wconf 77' lang='lat' dir='ltr'><strong>ad</strong></span> <span class='ocrx_word' id='word_1_220' title='bbox 1109 2019 1261 2054; x_wconf 81' lang='lat' dir='ltr'><strong>Camillis</strong></span> <span class='ocrx_word' id='word_1_221' title='bbox 1286 2018 1450 2065; x_wconf 82' lang='lat' dir='ltr'><strong>pertinet.</strong></span> <span class='ocrx_word' id='word_1_222' title='bbox 1508 2020 1563 2056; x_wconf 88' lang='lat' dir='ltr'><strong>De</strong></span> 
     </span>
     <span class='ocr_line' id='line_1_22' title="bbox 108 2087 1563 2133; baseline 0 -10"><span class='ocrx_word' id='word_1_223' title='bbox 108 2089 176 2123; x_wconf 83' lang='lat' dir='ltr'><strong>hac</strong></span> <span class='ocrx_word' id='word_1_224' title='bbox 208 2099 246 2122; x_wconf 91' lang='lat' dir='ltr'><strong>rc</strong></span> <span class='ocrx_word' id='word_1_225' title='bbox 277 2087 382 2122; x_wconf 87' lang='lat' dir='ltr'><strong>multi</strong></span> <span class='ocrx_word' id='word_1_226' title='bbox 415 2087 702 2132; x_wconf 82' lang='lat' dir='ltr'><strong>disputaverunt,</strong></span> <span class='ocrx_word' id='word_1_227' title='bbox 737 2088 801 2123; x_wconf 85' lang='lat' dir='ltr'><strong>sed</strong></span> <span class='ocrx_word' id='word_1_228' title='bbox 834 2087 940 2133; x_wconf 82' lang='lat' dir='ltr'><strong>pauci</strong></span> <span class='ocrx_word' id='word_1_229' title='bbox 963 2099 1038 2123; x_wconf 87' lang='lat' dir='ltr'><strong>rem</strong></span> <span class='ocrx_word' id='word_1_230' title='bbox 1066 2088 1262 2133; x_wconf 78' lang='lat' dir='ltr'><strong>explicasse</strong></span> <span class='ocrx_word' id='word_1_231' title='bbox 1289 2088 1462 2124; x_wconf 75' lang='lat' dir='ltr'><strong>videntur.</strong></span> <span class='ocrx_word' id='word_1_232' title='bbox 1512 2091 1563 2124; x_wconf 75' lang='lat' dir='ltr'><strong>Ae</strong></span> 
     </span>
     <span class='ocr_line' id='line_1_23' title="bbox 109 2155 1565 2203; baseline 0.001 -12"><span class='ocrx_word' id='word_1_233' title='bbox 109 2156 262 2203; x_wconf 87' lang='lat' dir='ltr'><strong>primum</strong></span> <span class='ocrx_word' id='word_1_234' title='bbox 290 2155 451 2203; x_wconf 83' lang='lat' dir='ltr'><strong>quidem,</strong></span> <span class='ocrx_word' id='word_1_235' title='bbox 489 2157 660 2203; x_wconf 79' lang='lat' dir='ltr'><strong>quantum</strong></span> <span class='ocrx_word' id='word_1_236' title='bbox 685 2167 751 2199; x_wconf 87' lang='lat' dir='ltr'><strong>ego</strong></span> <span class='ocrx_word' id='word_1_237' title='bbox 771 2155 861 2200; x_wconf 88' lang='lat' dir='ltr'><strong>scio,</strong></span> <span class='ocrx_word' id='word_1_238' title='bbox 886 2157 961 2192; x_wconf 90' lang='lat' dir='ltr'>Ioh.</span> <span class='ocrx_word' id='word_1_239' title='bbox 988 2157 1113 2193; x_wconf 81' lang='lat' dir='ltr'><strong>Matth.</strong></span> <span class='ocrx_word' id='word_1_240' title='bbox 1138 2157 1334 2193; x_wconf 76' lang='lat' dir='ltr'><strong>Gessnerus</strong></span> <span class='ocrx_word' id='word_1_241' title='bbox 1360 2158 1404 2193; x_wconf 91' lang='lat' dir='ltr'><strong>de</strong></span> <span class='ocrx_word' id='word_1_242' title='bbox 1426 2158 1565 2194; x_wconf 82' lang='lat' dir='ltr'><strong>ratione</strong></span> 
     </span>
     <span class='ocr_line' id='line_1_24' title="bbox 110 2225 1564 2274; baseline 0.001 -12"><span class='ocrx_word' id='word_1_243' title='bbox 110 2226 220 2262; x_wconf 80' lang='lat' dir='ltr'><strong>huius</strong></span> <span class='ocrx_word' id='word_1_244' title='bbox 245 2238 332 2261; x_wconf 85' lang='lat' dir='ltr'><strong>usus</strong></span> <span class='ocrx_word' id='word_1_245' title='bbox 360 2225 463 2269; x_wconf 81' lang='lat' dir='ltr'><strong>dixit,</strong></span> <span class='ocrx_word' id='word_1_246' title='bbox 491 2237 598 2272; x_wconf 87' lang='lat' dir='ltr'><strong>quem</strong></span> <span class='ocrx_word' id='word_1_247' title='bbox 624 2225 746 2261; x_wconf 82' lang='lat' dir='ltr'><strong>laudat</strong></span> <span class='ocrx_word' id='word_1_248' title='bbox 769 2226 1035 2272; x_wconf 81' lang='lat' dir='ltr'><strong>Peerlkampius</strong></span> <span class='ocrx_word' id='word_1_249' title='bbox 1063 2227 1108 2262; x_wconf 86' lang='lat' dir='ltr'><strong>ad</strong></span> <span class='ocrx_word' id='word_1_250' title='bbox 1134 2239 1238 2262; x_wconf 88' lang='lat' dir='ltr'><strong>carm.</strong></span> <span class='ocrx_word' id='word_1_251' title='bbox 1264 2227 1403 2270; x_wconf 82' lang='lat'><em>111‚11‚</em></span> <span class='ocrx_word' id='word_1_252' title='bbox 1418 2226 1476 2270; x_wconf 83' lang='lat'><strong>28,</strong></span> <span class='ocrx_word' id='word_1_253' title='bbox 1502 2230 1564 2274; x_wconf 88' lang='lat' dir='ltr'><strong>qui</strong></span> 
     </span>
     <span class='ocr_line' id='line_1_25' title="bbox 113 2289 1565 2342; baseline 0.001 -12"><span class='ocrx_word' id='word_1_254' title='bbox 113 2298 232 2330; x_wconf 84' lang='lat' dir='ltr'><strong>tamen</strong></span> <span class='ocrx_word' id='word_1_255' title='bbox 266 2307 341 2330; x_wconf 89' lang='lat' dir='ltr'><strong>rem</strong></span> <span class='ocrx_word' id='word_1_256' title='bbox 371 2289 526 2330; x_wconf 87' lang='lat' dir='ltr'><strong>breviter</strong></span> <span class='ocrx_word' id='word_1_257' title='bbox 561 2293 782 2341; x_wconf 87' lang='lat' dir='ltr'><strong>strictimque</strong></span> <span class='ocrx_word' id='word_1_258' title='bbox 805 2294 936 2339; x_wconf 85' lang='lat' dir='ltr'><strong>tetigit.</strong></span> <span class='ocrx_word' id='word_1_259' title='bbox 998 2295 1208 2332; x_wconf 87' lang='lat' dir='ltr'><strong>Luebkerus</strong></span> <span class='ocrx_word' id='word_1_260' title='bbox 1248 2297 1392 2332; x_wconf 82' lang='lat' dir='ltr'><strong>conatus</strong></span> <span class='ocrx_word' id='word_1_261' title='bbox 1421 2295 1565 2342; x_wconf 84' lang='lat' dir='ltr'><strong>quidem</strong></span> 
     </span>
     <span class='ocr_line' id='line_1_26' title="bbox 114 2363 1566 2411; baseline 0.001 -11"><span class='ocrx_word' id='word_1_262' title='bbox 114 2367 169 2400; x_wconf 88' lang='lat' dir='ltr'><strong>est</strong></span> <span class='ocrx_word' id='word_1_263' title='bbox 203 2366 366 2399; x_wconf 65' lang='lat' dir='ltr'><strong>n‘tturam</strong></span> <span class='ocrx_word' id='word_1_264' title='bbox 389 2363 497 2398; x_wconf 88' lang='lat' dir='ltr'><strong>huius</strong></span> <span class='ocrx_word' id='word_1_265' title='bbox 521 2363 777 2409; x_wconf 77' lang='lat' dir='ltr'><strong>particularum</strong></span> <span class='ocrx_word' id='word_1_266' title='bbox 801 2363 1041 2400; x_wconf 77' lang='lat' dir='ltr'><strong>collocationis</strong></span> <span class='ocrx_word' id='word_1_267' title='bbox 1066 2364 1255 2411; x_wconf 82' lang='lat' dir='ltr'><strong>indagare,</strong></span> <span class='ocrx_word' id='word_1_268' title='bbox 1292 2365 1356 2401; x_wconf 85' lang='lat' dir='ltr'><strong>sed</strong></span> <span class='ocrx_word' id='word_1_269' title='bbox 1380 2377 1451 2401; x_wconf 91' lang='lat' dir='ltr'><strong>non</strong></span> <span class='ocrx_word' id='word_1_270' title='bbox 1474 2365 1566 2402; x_wconf 79' lang='lat' dir='ltr'><strong>diffi-</strong></span> 
     </span>
    </p>
   </div>
   <div class='ocr_carea' id='block_1_3' title="bbox 215 2457 360 2461">
    <p class='ocr_par' dir='ltr' id='par_1_3' title="bbox 215 2457 360 2461">
     <span class='ocr_line' id='line_1_27' title="bbox 215 2457 360 2461; baseline 0 0"><span class='ocrx_word' id='word_1_271' title='bbox 215 2457 360 2461; x_wconf 95' lang='lat' dir='ltr'><strong> </strong></span> 
     </span>
    </p>
   </div>
   <div class='ocr_carea' id='block_1_4' title="bbox 116 2506 1566 2600">
    <p class='ocr_par' dir='ltr' id='par_1_4' title="bbox 116 2506 1566 2600">
     <span class='ocr_line' id='line_1_28' title="bbox 231 2506 1566 2547; baseline 0.002 -11"><span class='ocrx_word' id='word_1_272' title='bbox 231 2506 262 2544; x_wconf 75' lang='grc'><strong>*)</strong></span> <span class='ocrx_word' id='word_1_273' title='bbox 287 2509 334 2537; x_wconf 84' lang='lat' dir='ltr'><strong>De</strong></span> <span class='ocrx_word' id='word_1_274' title='bbox 364 2516 422 2537; x_wconf 79' lang='lat' dir='ltr'><strong>usu</strong></span> <span class='ocrx_word' id='word_1_275' title='bbox 451 2509 483 2537; x_wconf 73' lang='lat' dir='ltr'><strong>et</strong></span> <span class='ocrx_word' id='word_1_276' title='bbox 509 2507 626 2538; x_wconf 81' lang='lat' dir='ltr'><strong>ratione</strong></span> <span class='ocrx_word' id='word_1_277' title='bbox 656 2507 748 2538; x_wconf 85' lang='lat' dir='ltr'><strong>huius</strong></span> <span class='ocrx_word' id='word_1_278' title='bbox 776 2507 937 2537; x_wconf 80' lang='lat' dir='ltr'><strong>schematis</strong></span> <span class='ocrx_word' id='word_1_279' title='bbox 971 2507 1052 2547; x_wconf 78' lang='lat' dir='ltr'><strong>apud</strong></span> <span class='ocrx_word' id='word_1_280' title='bbox 1073 2509 1203 2539; x_wconf 76' lang='lat' dir='ltr'><strong>Graecos</strong></span> <span class='ocrx_word' id='word_1_281' title='bbox 1225 2507 1392 2547; x_wconf 77' lang='lat' dir='ltr'><strong>disputavit</strong></span> <span class='ocrx_word' id='word_1_282' title='bbox 1414 2508 1566 2547; x_wconf 75' lang='lat' dir='ltr'><strong>Melhorn,</strong></span> 
     </span>
     <span class='ocr_line' id='line_1_29' title="bbox 116 2559 951 2600; baseline 0.001 -11"><span class='ocrx_word' id='word_1_283' title='bbox 116 2559 202 2590; x_wconf 88' lang='lat' dir='ltr'><strong>cuius</strong></span> <span class='ocrx_word' id='word_1_284' title='bbox 225 2562 326 2590; x_wconf 77' lang='lat' dir='ltr'><strong>tamen</strong></span> <span class='ocrx_word' id='word_1_285' title='bbox 347 2559 487 2592; x_wconf 81' lang='lat' dir='ltr'><strong>libellum</strong></span> <span class='ocrx_word' id='word_1_286' title='bbox 508 2560 655 2600; x_wconf 80' lang='lat' dir='ltr'><strong>inspicere</strong></span> <span class='ocrx_word' id='word_1_287' title='bbox 680 2559 756 2590; x_wconf 78' lang='lat' dir='ltr'><strong>mihi</strong></span> <span class='ocrx_word' id='word_1_288' title='bbox 777 2568 838 2590; x_wconf 84' lang='lat' dir='ltr'><strong>non</strong></span> <span class='ocrx_word' id='word_1_289' title='bbox 852 2559 951 2593; x_wconf 77' lang='lat' dir='ltr'><strong>licuit.</strong></span> 
     </span>
    </p>
   </div>
  </div>
 </body>
</html>
