1745 2916
762 160 978 199 -g-

149 258 336 302 annotare,
377 269 468 306 quae
505 257 551 294 de
589 256 782 294 enuntiatis
818 256 1010 294 formandis
1035 255 1125 293 mihi
1147 257 1341 293 memoratu
1374 255 1484 302 digna
1506 259 1591 293 sunt

147 327 232 362 visa.
1404 345 1405 348 ¹
1438 344 1440 346 v

272 397 315 432 In
340 395 502 432 omnibus
525 395 620 432 enim
652 395 825 442 poematis
855 408 961 442 saepe
996 407 1074 432 eam
1098 394 1260 442 sequitur
1282 394 1455 431 rafionem'
1478 395 1590 430 Hora—

147 466 229 505 tius,
255 468 297 501 ut
329 465 512 501 enuntiata
547 465 660 510 magis
691 466 862 510 adiungat
886 477 993 512 quam
1030 465 1228 510 subiungat.
1301 467 1353 502 Ac
1373 464 1525 500 maxime
1550 464 1590 499 id

147 534 241 571 cadit
263 534 302 570 in
326 534 479 571 carmina
504 534 633 581 lyrica,
669 534 732 571 ubi
758 535 865 571 etiam
890 535 1085 571 sententias
1115 544 1186 571 non
1222 534 1273 570 ita
1297 534 1494 581 composuit
1518 535 1591 570 lon-

145 615 218 648 gas.
293 605 421 651 Neque
456 603 553 639 enim
587 615 666 639 raro
700 615 772 638 una
796 604 973 640 sententia
996 616 1103 639 unam
1135 603 1248 640 efficit
1272 604 1448 649 stropham
1481 614 1588 649 saepe

145 673 253 710 etiam
282 674 352 709 duo
385 673 568 709 enuntiata
591 685 662 708 una
698 684 864 709 versuum
895 673 1152 709 consociatione
1173 672 1420 718 :continentum
1488 673 1591 708 Hanc

146 746 264 777 autem
287 742 475 777 enunciata
499 741 674 777 formandi
703 741 877 781 ,rationem
907 741 1059 776 maxime
1089 741 1288 777 invenimus
1309 741 1407 776 iniis
1431 741 1590 776 carmini-

144 812 223 851 bus,
250 822 341 857 quae
361 823 408 846 ex
430 823 511 848 vero
535 811 647 847 nostri
666 813 804 856 *poetae
825 810 970 855 ingenio
993 813 1238 856 provenerunt,
1253 810 1353 861 ¹!dioo
1377 803 1510 846 iocosa
1537 812 1590 845 at-

145 891 215 926 que
240 879 380 914 erotica.
410 879 453 925 (I,
479 879 513 921 4,
539 878 572 922 9,
602 879 656 922 11,
681 878 740 924 al.)
779 878 849 914 Ubi
873 881 993 914 autem
1017 879 1182 915 discessit
1206 879 1251 914 ab
1278 879 1346 915 hac
1381 882 1449 915 sua
1469 878 1590 914 indole

144 949 255 985 veluti
269 949 333 992 IV,
358 948 381 985 2
409 951 446 985 et
468 949 502 992 4,
525 949 576 984 ibi
602 949 785 985 enuntiata
808 949 966 993 longiora
980 949 1099 984 effecit
1116 949 1322 996 petivitque,
1348 953 1389 985 ut
1401 949 1453 984 ita
1466 949 1590 992 dicam,

146 1018 320 1054 auxilium
343 1018 387 1053 ab
413 1020 488 1053 arte
511 1018 705 1061 rhetorica,
743 1030 850 1065 quam
879 1018 974 1064 apud
1008 1018 1225 1066 antiquiores
1262 1019 1385 1064 poetas
1420 1018 1480 1053 hic
1514 1017 1590 1053 illic

147 1087 454 1124 animadvertimus
484 1088 619 1134 (Catull
643 1088 716 1133 65),
736 1089 831 1124 unde
856 1091 974 1124 tamen
1002 1089 1179 1134 Augustei
1201 1088 1368 1134 temporis
1399 1091 1525 1134 poetae
1551 1100 1589 1124 se

147 1156 316 1201 expedire
342 1157 541 1191 studebant.
591 1158 672 1191 Non
697 1157 856 1201 longiora
882 1160 966 1192 sunt
989 1157 1173 1192 enuntiata
1189 1157 1228 1192 in
1254 1157 1375 1202 epodis
1397 1157 1457 1203 (cf.
1471 1159 1589 1192 tamen

147 1225 247 1271 epod.
271 1225 317 1267 H,
344 1223 513 1271 39-60.)
550 1225 675 1262 Latius
697 1228 817 1262 autem
835 1225 1009 1271 patentin
1034 1226 1151 1262 safiris
1177 1229 1214 1264 et
1239 1226 1398 1271 epistolis
1420 1226 1464 1261 cf.
1488 1226 1590 1271 epist.

146 1290 171 1335 l,
200 1292 255 1335 15,
283 1293 297 1327 1
327 1293 487 1339 aliosque
512 1293 608 1329 locos
631 1293 737 1329 infra.

265 1362 323 1398 Ex
348 1363 415 1398 hac
440 1363 560 1407 autem
584 1362 768 1399 enuntiata
793 1362 1011 1408 adiungendi
1036 1363 1290 1399 consuetudine
1317 1363 1424 1399 etiam
1456 1375 1499 1399 ea
1537 1374 1591 1399 re-

144 1431 300 1477 petenda
322 1433 387 1474 est,
413 1443 483 1478 qua
507 1434 625 1476 partes
651 1432 906 1467 sentenfiamm
922 1432 1126 1478 saepissime
1150 1429 1357 1475 ἆσυνόἑτως
1379 1432 1589 1478 compositae

146 1500 236 1544 sint;
263 1500 371 1548 idque
397 1500 539 1536 admisit
561 1503 666 1547 poeta
685 1500 723 1537 in
748 1501 909 1537 omnibus
935 1501 1009 1537 suis
1027 1501 1198 1548 poematis
1214 1501 1434 1548 praesertim,
1456 1500 1589 1548 siquid

145 1570 267 1606 sedato
288 1570 404 1605 animo
429 1570 597 1605 describit
626 1571 736 1606 veluti
773 1583 876 1606 carm.
903 1572 967 1614 ΠΙ,
998 1570 1032 1613 8,
1069 1570 1228 1612 17-24;
1263 1572 1325 1612 IV,
1358 1570 1393 1614 3,
1433 1570 1587 1616 17—24;

144 1641 208 1675 sat.
232 1640 261 1682 I,
287 1638 321 1679 6,
351 1639 417 1676 110
445 1651 563 1686 sequ.;
589 1641 617 1683 Ι,
643 1640 676 1683 7,
702 1639 773 1684 203
796 1641 825 1683 I,
852 1639 886 1682 9,
911 1640 958 1675 45
985 1640 1030 1676 al.
1091 1640 1208 1675 Etiam
1236 1640 1275 1675 in
1297 1641 1405 1676 rebus
1427 1640 1589 1676 celeriter

144 1721 183 1744 se
204 1708 462 1754 excipientibus
497 1709 701 1744 enarrandis
733 1710 801 1744 hoc
820 1709 935 1744 'modo
971 1709 1136 1755 loquitur.
1213 1709 1266 1744 cf.
1302 1712 1368 1744 sat.
1401 1711 1430 1752 Ι,
1458 1709 1492 1751 2,
1520 1709 1588 1745 128

144 1789 242 1825 sequ.
269 1779 306 1813 et
330 1777 478 1814 Kirchn.
504 1777 549 1812 ad
572 1778 606 1813 h.
627 1777 650 1813 1.
678 1780 715 1813 et
731 1778 759 1821 I,
782 1776 815 1814 9.
839 1778 898 1813 fin.
924 1777 1163 1813 Luculentum
1179 1777 1333 1825 denique
1369 1778 1475 1814 huius
1498 1790 1588 1814 com-

142 1847 328 1893 positionis
356 1847 557 1892 exemplum
583 1850 638 1882 est
664 1859 692 1881 c.
717 1847 763 1889 11,
788 1846 822 1889 3,
848 1848 971 1882 totum.
1053 1848 1173 1893 ltaque
1202 1847 1291 1883 falso
1317 1848 1501 1883 Bentleius
1522 1850 1587 1883 sat.

141 1917 165 1959 l,
191 1914 226 1959 9,
256 1915 273 1950 1
300 1921 337 1949 ut
360 1917 442 1961 post
466 1916 611 1950 verbum
633 1917 725 1951 ibam
748 1915 910 1951 inseruit.
983 1915 1228 1961 Displicebant
1264 1916 1367 1960 enim,
1394 1916 1491 1959 dicit,
1517 1917 1587 1952 ista

142 1985 281 2021 concisa
303 1989 339 2020 et
369 1984 541 2020 dissoluta
577 1988 613 2020 et
647 1984 801 2020 hiantia:
850 1986 949 2019 Ibam
985 1986 1043 2019 via
1087 1996 1207 2028 sacra,
1249 1988 1398 2020 accurrit
1435 1988 1586 2030 quidam.

143 2055 213 2091 Sed
238 2065 281 2089 ea
305 2066 352 2090 ex
374 2053 452 2100 ipsa
477 2056 602 2100 poetae
629 2055 711 2090 sunt
733 2055 854 2090 mente
889 2053 1068 2102 totiusque
1095 2053 1165 2090 loci
1191 2056 1337 2091 naturae
1364 2054 1584 2092 conveniunt.

141 2126 229 2160 Eam
253 2128 372 2160 autem
398 2124 591 2159 sententias
617 2124 846 2169 componendi
867 2124 1037 2159 rationem
1061 2125 1313 2170 quodammodo
1332 2125 1444 2160 lenire
1467 2125 1587 2160 studet

142 2194 342 2239 amphorae
366 2194 482 2238 figura
506 2192 648 2238 saepius
676 2192 845 2236 adhibita,
871 2204 961 2239 quae
988 2204 1068 2227 cum
1100 2192 1138 2227 in
1163 2193 1323 2228 omnibus
1350 2195 1425 2228 tum
1451 2194 1585 2229 creber-

141 2263 228 2298 rime
250 2263 428 2298 invenitur
452 2263 490 2297 in
516 2262 740 2298 carminibus.
813 2262 983 2297 Efficiunt
1020 2275 1098 2298 eam
1135 2274 1255 2298 omnes
1294 2263 1370 2298 fere
1390 2263 1585 2308 particulae

142 2332 308 2368 orationis
331 2332 484 2368 maxime
509 2333 694 2368 verborum
718 2332 862 2375 formae,
885 2332 1100 2377 pronomina,
1136 2331 1410 2374 coniunctiones,
1434 2332 1585 2377 particu-

141 2401 197 2438 lae
221 2402 489 2447 interrogantes.
552 2404 608 2437 Ex
633 2402 846 2437 carminibus
871 2402 1019 2447 ascripsi
1041 2401 1130 2436 mihi
1159 2401 1254 2436 locos
1281 2413 1420 2436 omnes:
1456 2402 1500 2436 cf.
1527 2403 1584 2445 lV,

142 2470 175 2514 6,
199 2470 256 2514 29,
281 2472 344 2506 ubi
368 2471 566 2508 subiectum
586 2470 612 2515 l,
637 2471 671 2515 2,
696 2471 730 2515 4,
756 2471 791 2514 5,
829 2471 875 2514 H,
902 2470 936 2514 2,
961 2471 995 2513 4,
1022 2470 1064 2512 53
1093 2472 1116 2510 1,
1146 2470 1177 2512 1,
1202 2469 1267 2513 29;
1297 2471 1320 2513 1,
1346 2469 1404 2512 23,
1433 2469 1498 2510 13,-
1532 2472 1583 2514 111,

142 2540 201 2583 24,
223 2540 282 2584 45,
304 2541 367 2576 ubi
390 2542 507 2581 verba,
539 2543 562 2585 1,
587 2541 620 2585 3,
646 2540 703 2584 25,
730 2540 799 2582 273
834 2542 872 2583 ΙΙ,
901 2540 955 2584 11,
989 2539 1046 2584 30,
1072 2539 1130 2583 31,
1169 2540 1231 2575 ubi
1246 2539 1429 2582 adiectiva,
1455 2540 1499 2580 ΙΙ,
1527 2539 1582 2582 13,

145 2609 208 2652 113
235 2610 292 2652 IV,
320 2610 352 2653 1,
377 2610 400 2646 4
423 2611 504 2650 fin.,·
533 2612 555 2653 Ι,
580 2609 638 2653 35,
664 2609 686 2645 9
714 2622 827 2657 sequ.;
854 2610 911 2653 lV,
940 2609 994 2653 14,
1025 2608 1083 2653 33,
1115 2609 1178 2644 ubi
1201 2608 1416 2655 pronominis
1441 2620 1579 2654 person.
