1745 2916
239 613 477 679 Quamquam
502 632 546 667 de
572 631 719 668 Horatio
747 631 969 678 potissimum
994 643 1156 676 magnam
1180 631 1368 679 quotannis
1393 631 1551 667 multitu-

116 704 234 737 dinem
258 702 443 736 librorum·
463 701 502 735 in
542 701 723 746 publicum
745 701 886 746 prodire
916 701 1031 736 nescit
1068 712 1187 743 nemo,
1223 703 1342 736 tamen
1379 702 1550 747 quantum

112 771 283 818 'equidem
307 770 390 813 scio,
420 764 695 814 nemo‘exsfitit,
724 770 786 817 qui
807 781 895 817 quas
919 769 1017 814 leges
1043 769 1284 814 grammaticas
1317 769 1381 804 ille
1407 771 1550 805 secutus

117 840 178 883 sit,
214 839 411 874 accuratius
439 842 475 873 et
507 839 629 873 ordine
655 839 886 882 enarraverit3
924 838 1136 885 omninoque
1171 839 1355 874 fatendum
1380 841 1435 873 est
1458 838 1550 874 viros

116 909 234 943 doctos
262 908 379 942 minus
402 918 530 953 operae
547 907 586 942 in
612 907 767 943 dictione
798 909 981 953 poetarum
1012 907 1217 942 Latinorum
1248 907 1463 952 exploranda
1490 918 1552 942 na-

115 988 225 1014 vasse.
290 976 363 1022 (cf.
384 976 598 1022 'Bernhardy
630 976 800 1011 historiae
842 976 1040 1011 litterarum
1079 976 1313 1010 Romanarum
1347 986 1429 1021 pag.
1453 974 1552 1022 259.)

115 1047 240 1092 Itaque
266 1044 400 1080 accessi
424 1046 469 1080 ad
494 1046 561 1080 1100
587 1045 753 1080 studium.
821 1044 940 1083 Quum
966 1046 1084 1080 autem
1107 1045 1230 1080 utilius
1254 1044 1343 1079 mihi
1364 1044 1553 1088 videretur,

116 1114 147 1150 si
170 1115 215 1150 de
232 1126 305 1149 una
332 1114 453 1161 aliqua
479 1114 725 1160 grammaticae
748 1116 848 1160 parte
873 1114 1107 1160 disputarem,
1141 1114 1192 1149 ita
1217 1116 1345 1157 tamen,
1371 1116 1413 1149 ut
1433 1126 1553 1150 omnes

117 1185 204 1219 certi
225 1184 408 1219 cuiusdam
432 1184 599 1229 temporis
626 1188 748 1229 poetas
771 1184 1001 1229 respicerem3
1027 1183 1200 1219 eiusmodi
1224 1183 1441 1230 quaestionis
1451 1184 1555 1219 insti—

114 1254 267 1289 tuendae
287 1264 448 1299 ceperam
472 1253 668 1297 consilium,
694 1254 788 1301 quod
815 1254 1002 1301 quominus
1029 1254 1075 1288 ad
1105 1254 1212 1289 finem
1230 1264 1434 1299 peragerem
1466 1256 1553 1289 tem-

114 1323 209 1367 poris
236 1322 409 1366 augustiis
431 1334 509 1357 sum
532 1323 733 1367 impeditus.
808 1323 918 1358 Cuius
948 1322 1088 1357 consilii
1114 1325 1157 1357 ut
1182 1324 1319 1367 partem
1342 1323 1467 1358 saltem
1492 1334 1554 1358 ex-

115 1403 295 1438 sequerer,
318 1403 389 1427 non
404 1391 559 1426 alienum
578 1391 666 1426 mihi
690 1391 803 1427 visum
818 1394 882 1434 est,
911 1393 1043 1426 certam
1058 1393 1094 1426 et
1104 1391 1261 1435 solidam,
1283 1394 1453 1438 quantum
1475 1392 1554 1427 fieri

114 1460 238 1505 potuit,
264 1460 374 1495 solius
395 1460 535 1495 Horatii
559 1460 723 1495 dictionis
746 1466 941 1505 proponere
966 1460 1129 1502 effigiem.
1165 1461 1293 1507 Neque
1308 1460 1404 1495 enim
1417 1461 1552 1504 dubito,

115 1528 201 1575 quin
223 1529 290 1564 1100
315 1528 422 1564 etiam
447 1530 553 1564 1110ᾱο
577 1529 712 1575 aliquid
737 1522 890 1564 conferri
913 1528 1026 1574 possit
1049 1529 1094 1563 ad
1109 1528 1270 1573 linguam
1287 1530 1470 1575 poetarum
1486 1530 1552 1565 La-

114 1596 268 1632 tinorum
293 1597 580 1641 cognoscendam.
656 1596 796 1632 Etenim
820 1597 851 1632 si
892 1597 1088 1632 accuratius
1119 1598 1341 1643 exploratum
1361 1598 1439 1642 erit,
1464 1599 1553 1645 quid

113 1665 306 1713 unicuique
331 1668 456 1711 poetae
481 1666 662 1711 proprium
686 1656 733 1701 sit
757 1666 913 1712 quidque
939 1677 1020 1701 011111
1046 1666 1126 1701 aliis
1151 1670 1214 1703 aut
1235 1679 1359 1713 prosae
1386 1667 1553 1703 orationis

116 1734 344 1780 scriptoribus
370 1741 564 1778 commune,
588 1737 665 1770 tum
684 1735 894 1770 habebimus
913 1734 1097 1770 historiam
1123 1736 1290 1772 orafionis
1308 1735 1552 1773 'Romanorum

115 1804 273 1848 poeticae
313 1804 535 1851 sciemusque
575 1804 703 1851 quibus
732 1804 839 1839 rebus
864 1804 956 1839 alius
980 1807 1085 1850 poeta
1120 1805 1164 1840 ab
1191 1805 1260 1840 alio
1285 1806 1425 1841 differat
1448 1818 1553 1853 quae-

116 1884 184 1918 que
219 1873 310 1909 alius
346 1885 431 1919 prae
461 1873 529 1909 alio
560 1874 606 1908 ad
640 1873 797 1918 linguam
828 1873 1112 1919 locupletandam
1147 1878 1184 1910 et
1217 1875 1445 1911 excolendam
1473 1887 1552 1911 con-

115 1941 249 1978 tulerit.

234 2011 273 2046 Si
299 2013 394 2057 apud
419 2024 540 2048 omnes
563 2012 711 2057 populos
734 2014 917 2057 poetarum
940 2011 1062 2056 lingua
1082 2012 1220 2047 diversa
1243 2015 1299 2047 est
1325 2012 1369 2047 ab
1394 2024 1446 2055 ea,
1481 2024 1551 2059 qua

115 2089 219 2124 prosa
241 2080 351 2116 oratio
371 2080 493 2124 utitur,
518 2083 595 2116 tum
617 2081 684 2116 hoc
708 2080 860 2116 maxime
887 2080 980 2116 cadit
1003 2080 1041 2116 in
1064 2081 1250 2117 Romanos.
1277 2082 1403 2128 Neque
1416 2081 1455 2116 id
1472 2081 1550 2117 sine

116 2159 231 2185 eausa.
280 2152 371 2186 Nam
385 2163 493 2197 quum
518 2151 730 2186 Graecorum
753 2150 876 2194 lingua
895 2161 948 2184 ex
970 2150 1079 2195 poesi,
1104 2153 1145 2186 ut
1169 2151 1221 2186 ita
1237 2150 1359 2194 dicam,
1382 2151 1551 2195 profecta,

117 2217 194 2253 eius
219 2218 384 2262 indolem,
407 2230 511 2266 quam
534 2219 597 2254 diu
620 2219 761 2262 floruit,
790 2218 978 2255 servaverit
1002 2218 1063 2261 ita,
1092 2221 1133 2253 ut
1159 2219 1265 2254 efiam
1288 2218 1326 2253 in
1350 2230 1455 2264 prosa
1478 2232 1553 2255 ora-

115 2285 211 2322 tione
232 2300 404 2334 persaepe
434 2289 612 2334 poeticum
635 2288 785 2323 colorem
811 2288 1126 2334 deprehendamus,
1149 2289 1383 2324 Romanorum
1393 2289 1553 2333 linguam

115 2353 220 2398 plane
248 2356 420 2391 diversam
447 2356 682 2391 conditionem
706 2356 860 2391 subiisse
881 2358 1003 2391 notum
1023 2358 1088 2390 est.
1126 2357 1252 2402 Neque
1278 2356 1373 2391 enim
1395 2357 1553 2400 dubium,

117 2423 204 2468 quin
231 2425 386 2469 Romani,
427 2438 536 2472 quum
571 2437 691 2461 eorum
722 2427 848 2461 natura
884 2425 996 2470 magis
1022 2425 1067 2460 ad
1097 2436 1154 2460 res
1180 2426 1353 2470 gerendas
1378 2438 1484 2473 quam
1507 2427 1553 2462 ad

117 2492 299 2529 colendam
340 2495 615 2541 servandamque
638 2494 763 2540 poesin
787 2494 989 2537 inclinaret,
1024 2493 1178 2528 carmina
1201 2494 1312 2540 epica,
1344 2495 1473 2541 quibus
1497 2507 1554 2531 ve-
1586 2494 1592 2501 '

115 2560 232 2597 terum
254 2563 401 2598 heroum
423 2563 518 2599 facta
544 2563 799 2607 contineantur,
825 2575 896 2599 non
917 2563 1118 2598 habuerint.
1147 2561 1217 2609 (Cf.
1243 2563 1373 2599 Bernh.
1399 2564 1482 2601 hist.
1507 2565 1551 2600 R.

116 2628 142 2665 l.
167 2641 201 2675 p.
231 2631 300 2667 176
325 2634 362 2667 et
388 2635 460 2668 not.
491 2632 586 2678 121.)
664 2632 763 2671 Quae
783 2644 895 2679 >quum
920 2632 1084 2686 Romanis
1113 2632 1279 2668 deessent
1298 2633 1397 2677 (nam
1422 2634 1552 2679 optimo

700 2701 702 2703 ·
1294 2693 1311 2727 1
