1745 2916
546 691 633 737 DE
676 692 1058 754 mmrnvo.
1100 691 1102 694 ’

151 827 153 837 ;
221 795 398 835 Quoniam
435 794 631 838 infinitivus
661 795 755 831 iuter
786 795 884 833 verbi
914 794 1197 841 substantivique
1227 793 1407 839 notionem
1439 805 1525 840 quo-

88 866 268 904 dammodo
301 864 441 907 videtur
475 864 652 901 haesitare
687 865 756 908 ita,
791 866 834 901 ut
858 864 935 902 eius
960 864 1013 900 vis
1036 868 1073 900 et
1097 866 1225 900 natura
1247 875 1319 899 non
1343 863 1523 910 evidenter

87 937 270 982 appareat,
320 934 365 969 de
390 945 432 975 eo
449 936 487 975 et
503 933 681 971 veteribus
705 934 764 978 (cf.
785 933 888 979 Diog.
912 934 1029 977 Laert.
1055 934 1136 977 VH,
1162 931 1219 970 58.
1243 932 1358 979 Apoll.
1382 932 1524 979 Dyscol.

86 1002 413 1049 dofcoustruotione
439 1014 487 1038 or.
509 1003 572 1038 111.
599 1002 643 1039 13
666 1015 702 1049 p.
729 1002 800 1039 230
824 1004 881 1040 ed.
908 1002 1066 1045 Bekker,
1094 1014 1201 1049 quem
1226 1001 1400 1048 explicuit
1426 1000 1521 1036 Guil.

88 1074 132 1109 de
152 1071 333 1108 Humbold
365 1071 440 1107 ind.
465 1071 557 1113 Bibl.
580 1072 627 1107 Π.
649 1084 684 1118 p.
711 1071 902 1117 71-79.)
921 1074 959 1108 et
981 1071 1236 1109 recentioribus
1259 1071 1476 1117 temporibus
1502 1082 1524 1105 a

87 1141 171 1177 viris
197 1140 308 1178 doctis
334 1139 446 1175 multa
468 1142 505 1174 et
528 1139 665 1176 diversa
684 1141 748 1176 illa
772 1140 916 1187 quidem
939 1143 1024 1183 sunt
1047 1140 1236 1186 disputata.
1271 1142 1323 1175 Ac
1347 1138 1519 1176 recentio-

86 1222 182 1254 rum,
223 1209 286 1257 qui
310 1210 356 1245 de
379 1221 422 1245 ea
444 1221 484 1246 re
508 1210 756 1255 exposuerint,
788 1210 932 1247 nomina
951 1209 1071 1246 attulit
1093 1210 1212 1246 Haase
1229 1209 1270 1245 in
1293 1209 1520 1248 annotatione

86 1279 132 1314 ad
155 1278 250 1314 Reis.
277 1278 387 1314 schol.
411 1290 446 1324 p.
466 1278 548 1315 750.
596 1278 753 1317 Quonim
771 1280 857 1314 Max
873 1279 1031 1315 Schmidt
1053 1278 1093 1314 in
1117 1278 1363 1316 dissertatione
1386 1277 1524 1314 schola-

89 1348 176 1383 stica
208 1347 379 1383 infinitivo
408 1348 587 1384 notionem
614 1348 825 1384 substantivi
847 1348 1072 1385 tribuendam
1100 1360 1179 1384 esse
1204 1348 1352 1394 probare
1371 1347 1520 1391 studuit,

88 1417 207 1450 contra
241 1426 346 1462 quem
370 1415 510 1451 exstitit
533 1416 618 1451 Guil
639 1417 684 1451 de
707 1416 922 1459 Humboldt,
955 1417 1018 1463 qui
1038 1416 1204 1459 infinitivi
1222 1421 1388 1452 namram
1406 1416 1520 1460 magis

89 1484 133 1519 ad
164 1485 309 1521 verbum
340 1484 517 1530 pertinere
551 1497 664 1532 quam-
681 1485 727 1521 ad
747 1485 1006 1528 substantivum
1030 1485 1282 1522 demonstravit
1307 1486 1402 1531 (Ind.
1426 1484 1519 1521 Bibl.

87 1553 131 1589 11.
154 1565 188 1598 p.
218 1552 264 1589 75
282 1555 401 1600 sequ.)
426 1555 552 1601 Neque
577 1554 680 1590 aliter
704 1555 819 1590 Iacob.
847 1555 980 1590 Grimm
1006 1555 1138 1601 (Gram.
1162 1555 1278 1590 Germ.
1303 1566 1338 1600 p.
1363 1553 1422 1600 56,
1443 1553 1520 1601 91.)

86 1621 251 1659 infinitivi
271 1621 342 1659 vim
366 1624 403 1659 et
422 1625 583 1660 naturam
602 1623 845 1671 accipiendam
864 1635 943 1660 esse
969 1624 1152 1671 professus
1178 1625 1243 1660 est.
1275 1623 1323 1660 Et
1344 1624 1440 1660 recte
1465 1622 1521 1659 illi

89 1691 240 1737 quidem,
263 1693 472 1737 praesertim
491 1693 523 1728 si
542 1694 691 1729 formam
714 1696 923 1739 spectamus.
976 1695 1104 1740 Neque
1130 1693 1226 1729 enim
1249 1705 1297 1729 ex
1316 1693 1425 1741 ullius
1451 1692 1521 1728 lin·

88 1770 177 1804 guae
207 1759 349 1806 legibus
383 1761 577 1799 infinitivus
598 1774 663 1809 per
685 1750 788 1799 cesus
815 1762 1033 1807 declinatur,
1075 1762 1135 1809 (of.
1163 1763 1285 1810 Bopp:
1317 1762 1435 1799 Ueber
1456 1762 1520 1798 das

91 1829 473 1878 Oonjugationssystem
497 1833 562 1868 der
585 1832 897 1878 Sanskritsprache
926 1832 977 1867 im
999 1833 1192 1877 Vergleich
1225 1832 1291 1867 mit
1316 1832 1436 1876 ,ienem
1457 1832 1521 1866 des

87 1896 162 1934 Lat.
187 1898 246 1935 Gr.
271 1900 368 1936 Pers.
389 1901 466 1936 Ind.
491 1900 606 1937 Germ.
632 1901 824 1937 Frankfurt
834 1901 927 1937 a.M.
954 1899 1060 1938 1816.
1093 1901 1193 1938 Reis-
1208 1902 1239 1948 S.
1260 1900 1339 1938 142.
1359 1913 1393 1948 p.
1411 1899 1526 1947 223.)-

89 1969 125 2002 et
150 1968 182 2003 si
206 1968 332 2005 Graeci
365 1971 520 2015 speciem
542 1972 718 2017 quandam
743 1971 990 2008 declinationis
1013 1983 1078 2017 per
1103 1971 1291 2007 articulum
1315 1972 1519 2013 effecerunt,

86 2033 134 2078 id,
156 2038 250 2083 quod
267 2049 332 2074 nos
358 2038 465 2075 etiam
488 2039 649 2083 facimus,
671 2039 791 2076 Latini
817 2051 860 2076 eo
883 2039 1017 2082 auxilio
1042 2040 1210 2077 carebant
1230 2040 1293 2084 ita,
1317 2041 1359 2075 ut
1374 2038 1406 2074 si
1433 2038 1520 2087 quid

90 2103 202 2141 simile
225 2106 390 2143 volebant
413 2108 583 2145 exhibere
606 2109 652 2144 ad
666 2108 879 2153 gerundium
901 2109 1073 2145 deberent
1088 2109 1289 2153 confugere.
1322 2109 1387 2143 Est
1401 2110 1520 2143 autem

89 2171 280 2212 infinitivus
300 2177 447 2212 verbum
471 2177 683 2214 substantivi
705 2177 817 2214 instar
837 2177 1038 2215 adhibitum
1060 2178 1113 2214 ita
1123 2181 1255 2222 tamen,
1280 2179 1321 2213 ut
1335 2176 1519 2219 actionem,

89 2253 197 2288 quum
219 2246 278 2289 fit,
311 2246 508 2292 significet,
535 2249 795 2285 substantivum
818 2251 937 2285 autem
960 2248 1135 2289 actionem
1161 2247 1460 2293 circumscriptam
1483 2249 1521 2282 et

86 2310 275 2351 definitam.
321 2314 436 2364 (Bois.
460 2315 490 2363 ἓ.
504 2315 587 2353 444.
609 2317 746 2364 Krueg.
771 2317 802 2365 ξ.
825 2317 925 2364 474.)

201 2384 377 2422 Romanos
400 2387 520 2421 autem
544 2386 715 2433 imprimis
737 2387 895 2423 tenuisse
911 2387 1076 2425 infinitivi
1089 2387 1160 2423 vim
1173 2386 1351 2423 verbalem
1365 2387 1520 2423 maxime

87 2454 230 2496 apparet
253 2465 301 2491 ex
323 2466 402 2491 usu-
415 2455 563 2499 infiniti,
596 2455 818 2503 qui‘dieitur
842 2455 1025 2500 historici,
1061 2467 1152 2504 quae
1172 2456 1314 2492 dicendi
1337 2456 1428 2493 ratio
1452 2456 1521 2493 soli

87 2517 231 2558 Latinae
253 2522 398 2569 linguae
420 2524 562 2571 propria
585 2527 649 2560 est.
699 2523 773 2571 (cf.
788 2524 919 2564 Mohtii
941 2528 982 2562 -et
999 2526 1159 2562 Pralunii
1179 2526 1224 2561 de
1248 2527 1316 2562 hoc
1337 2525 1404 2561 inf.
1430 2538 1522 2563 com-

87 2590 317 2628 mentationes
353 2594 391 2629 et
420 2605 498 2637 eos,
535 2605 624 2641 quos
658 2595 763 2630 affert
787 2595 905 2631 Haase
937 2594 984 2630 ad
1008 2594 1106 2631 Beis.
1142 2594 1251 2634 schol.
1278 2597 1396 2631 annot.
1421 2594 1520 2641 599).

87 2654 129 2691 1¹1
145 2669 216 2704 quo
238 2672 308 2697 usu
332 2662 608 2709 interpretando,
630 2663 663 2700 si
684 2675 806 2701 eorum
824 2664 974 2710 vestigia
996 2664 1168 2703 vellemus
1190 2664 1304 2712 sequi,
1327 2664 1390 2712 qui
1406 2665 1522 2701 infini-
