1745 2916
786 201 1000 238 -7-

176 296 435 335 AlexandrInoe
457 295 629 343 imprimis
650 298 775 343 poetas
799 296 846 333 iis
871 298 1008 334 constat
1030 308 1110 333 esse
1134 299 1344 334 obversatus.
1395 298 1496 338 Quae
1531 297 1609 333 imi-

175 368 263 404 tatio
287 378 359 401 non
384 368 459 401 tam
483 366 529 400 ad
552 366 737 401 verborum
766 366 895 401 formas
914 366 1032 411 potuit
1044 367 1222 411 pertinere
1243 379 1348 413 quam
1362 368 1408 402 ad
1429 367 1606 413 syntaxin,

174 435 275 472 ouius
298 433 408 479 igitur
429 432 540 477 leges,
579 432 612 469 si
642 433 839 469 -abhorrent
875 444 898 468 a
931 434 1065 478 vulgari
1101 434 1241 470 dicendi
1282 435 1535 471 consuetudine
1561 446 1607 470 ex

173 504 386 540 Graecorum
410 500 628 543 imitatione,
659 513 706 537 ex
730 503 842 537 men-o
868 504 906 537 et
928 513 975 537 ex
1009 504 1137 538 natura
1157 503 1297 548 poetica
1317 503 1397 549 ipsa
1419 507 1524 540 erunt
1546 515 1608 539 ex-

171 572 364 619 plicandae.
417 571 484 613 Ita,
510 571 552 605 ut
572 570 618 605 de
644 569 856 605 Graeeismis
877 572 1023 613 wceam,
1046 572 1173 616 poetae
1190 571 1402 607 infinitivum
1423 573 1514 618 perf.
1538 575 1604 608 aot.

176 652 282 687 saepe
302 641 448 685 propter
467 637 707 674 solammetri
731 637 903 674 rationem
933 650 1125 684 usurpasse
1159 639 1385 676 existimandi
1416 644 1500 677 sunt
1518 643 1556 677 et
1573 641 1607 677 si

175 707 371 755 pronomini
386 706 536 744 relativo
560 706 791 743 indicativum
813 707 954 745 addunt
970 718 1034 753 pro
1057 719 1181 753 prosae
1198 708 1367 744 orationis
1387 708 1607 746 coniunctim

173 779 236 814 aut
257 776 556 821 interrogationes
573 775 769 821 pendentes
791 786 856 821 per
882 776 1034 811 eundem
1068 776 1222 812 efferunt
1242 777 1402 821 modum,
1438 778 1497 813 hio
1520 789 1606 814 usus

170 858 243 882 non
267 857 289 881 a
311 844 455 881 Graecis
480 844 544 880 sed
570 856 617 880 ex
644 846 771 880 natura
793 846 977 890 poetarum
1009 855 1201 892 eorumque
1240 846 1359 881 studio
1393 848 1606 893 repetendus

172 918 227 951 est
246 914 363 951 omnia
381 913 475 949 clare
501 915 609 960 atque
631 913 814 949 evidenter
836 913 1008 949 lectorum
1031 913 1143 950 oculis
1167 915 1394 960 proponendi.

297 983 368 1018 Sed
391 984 432 1018 ut
455 982 515 1017 hio
543 982 665 1018 statim
687 982 839 1018 breviter
854 994 897 1018 ea
921 983 1142 1028 complectar,
1168 995 1260 1030 quae
1272 983 1430 1026 Horatio,
1454 984 1486 1019 si
1496 995 1607 1028 gram·

170 1052 335 1088 maticam
359 1053 577 1097 spectamus,
606 1051 747 1097 propria
772 1051 863 1094 sint,
902 1051 1054 1097 primum
1077 1053 1339 1088 memorandum
1362 1064 1444 1088 eum
1468 1064 1607 1099 semper

170 1121 332 1168 pluribus
356 1120 525 1156 subiectis
550 1121 695 1155 verbum
718 1119 857 1156 numeri
872 1119 1060 1165 singularis
1096 1121 1234 1156 addere.
1308 1121 1447 1157 Deinde
1471 1121 1609 1167 paullu-

169 1191 245 1225 lum
295 1201 404 1225 ausus
433 1191 508 1224 ‘est
549 1189 589 1224 in
641 1188 759 1225 verbis
800 1188 982 1225 nonnullis
1026 1200 1105 1224 cum
1152 1189 1351 1226 accusativo
1406 1190 1606 1236 iungendis.

170 1260 261 1295 :rum
305 1270 327 1294 a
376 1258 502 1294 Graeci
544 1257 701 1303 genetivi
749 1258 891 1294 notione
949 1259 1130 1304 profectus
1180 1271 1251 1295 non
1304 1270 1384 1296 raro
1435 1260 1605 1296 Horatius

171 1340 252 1363 eum
276 1338 397 1362 casum
421 1339 531 1373 quum
555 1326 670 1362 verbis
700 1328 776 1361 tum
799 1327 950 1362 maxime
983 1327 1166 1363 adiecfivis
1198 1327 1250 1362 ita
1271 1327 1442 1372 adiungit,
1469 1330 1510 1364 ut
1534 1338 1606 1364 non

172 1397 287 1433 solum
324 1408 346 1431 a
385 1407 511 1442 prosae
548 1395 717 1432 emtionis
755 1396 820 1432 sed
852 1395 959 1432 etiam
1000 1408 1021 1431 a
1070 1398 1264 1432 ceterorum
1303 1400 1487 1443 poetarum
1526 1409 1605 1434 eon-

169 1465 359 1499 suetudine
403 1465 578 1499 deflectat.
677 1465 721 1498 In
766 1464 913 1511 reliquis
951 1465 1092 1499 casibus
1140 1465 1282 1499 utendis
1324 1466 1503 1500 rarissime
1541 1466 1605 1500 mi-

170 1535 249 1578 grat
279 1533 378 1578 leges
413 1532 657 1577 grammaticas
681 1532 809 1568 ceteris
842 1533 950 1568 etiam
983 1532 1098 1579 poetis
1122 1533 1283 1577 usitatas,
1315 1534 1411 1580 quod
1433 1534 1529 1569 idem
1554 1535 1605 1570 di-

171 1597 321 1637 cendum
374 1602 418 1637 de
473 1600 810 1647 praeposifionibus,
884 1612 975 1648 quae
1036 1601 1258 1647 paucissimis
1317 1601 1405 1638 locis
1443 1603 1603 1650 exceptis

168 1672 293 1708 lectori
318 1671 411 1706 nihil
445 1671 616 1717 praebent
639 1671 874 1707 memorabile.
894 1699 897 1701 .
931 1671 1052 1706 ⁴Haud
1083 1683 1197 1716 pauca
1221 1673 1341 1707 autem
1370 1673 1510 1708 novavit
1532 1673 1604 1708 Ho—

169 1740 281 1776 ratius
304 1740 344 1776 in
367 1740 540 1777 infinitivo
560 1746 772 1787 usurpando,
793 1742 905 1788 *quum
928 1752 1014 1776 eumv
1035 1743 1072 1777 et
1087 1741 1203 1777 verbis
1228 1739 1407 1777 nonnullis
1431 1745 1468 1778 et
1491 1741 1605 1777 adiec—

169 1811 260 1854 tivis,
285 1810 411 1854 viginti
430 1810 518 1852 fere,
544 1810 745 1853 subienerit,
769 1822 862 1857 quae
889 1813 971 1846 ante
994 1811 1134 1851 Horatii
1145 1813 1286 1856 tempus
1309 1822 1381 1846 non
1393 1814 1604 1856 receperunt

168 1879 382 1914 infinitivum
400 1880 437 1914 et
463 1889 611 1925 quorum
633 1889 746 1924 pauca
772 1879 911 1914 tantum
934 1879 1030 1924 apud
1054 1878 1266 1925 posteriores
1288 1882 1411 1926 poetas
1433 1879 1485 1914 ita
1503 1890 1604 1915 usur·

168 1952 251 1993 pata
282 1947 520 1984 inveniuntur.
604 1947 696 1983 Vide
729 1948 832 1983 infra.
886 1948 1117 1994 Reliquorum
1156 1949 1338 1984 modorum
1362 1960 1462 1989 usus,
1495 1948 1527 1983 si
1555 1949 1599 1984 de

167 2017 375 2053 attractione
399 2015 651 2064 nonnullisque
686 2015 766 2051 aliis
800 2015 887 2052 locis
913 2016 1149 2057 discedimus.
1187 2015 1339 2063 simplex
1376 2019 1432 2052 est
1461 2028 1602 2063 respon-

170 2087 301 2133 detque
319 2086 458 2131 legibus
482 2086 717 2130 grammaticis
739 2098 761 2121 a
785 2086 912 2121 ceteris
925 2086 1040 2131 poetis
1055 2086 1216 2131 receptis.
1242 2087 1366 2122 Paullo
1391 2089 1508 2122 autem
1521 2087 1603 2122 arti-

167 2155 318 2191 fieiosior
342 2157 398 2191 est
406 2155 591 2191 verborum
603 2154 794 2191 collocatio.
818 2155 910 2190 Nam
935 2166 1023 2202 quas
1049 2155 1285 2191 collocationis
1310 2155 1408 2199 leges
1431 2155 1470 2190 in
1495 2156 1604 2192 hexa-

167 2225 289 2259 metris
314 2227 363 2275 et
396 2224 624 2270 pentametris
659 2224 832 2260 adiectiva
872 2226 909 2259 et
945 2224 1163 2259 substantiva
1202 2224 1305 2270 sequi
1335 2223 1505 2267 videmus,
1541 2235 1602 2260 eas

167 2293 347 2328 transtulit
368 2292 536 2329 Horatius
561 2293 607 2328 ad
626 2304 748 2329 versus
772 2292 964 2328 carminum
1000 2292 1161 2328 minores.
1235 2291 1506 2328 Coniunctiones
1529 2305 1602 2329 non

167 2373 244 2398 raro
270 2363 315 2397 ab
333 2362 438 2398 initio
473 2362 647 2398 enuntiati
681 2364 887 2398 revocantur
924 2362 1124 2409 ceduntque
1153 2361 1371 2406 gravioribus
1402 2362 1601 2399 sententiae

167 2431 355 2467 vocabulis.
428 2431 592 2479 Denique
630 2442 735 2479 quum
773 2430 853 2466 aliis
891 2430 1014 2476 figuris
1053 2429 1290 2467 collocationis
1327 2442 1367 2466 se
1391 2431 1605 2468 abstinuerit

167 2510 291 2544 paene,
329 2511 447 2544 unam,
487 2499 561 2539 ἀπὸ
592 2503 726 2539 κοινοῦ
749 2511 841 2547 quae
867 2499 1006 2543 dicitur,
1034 2501 1108 2535 tam
1143 2499 1239 2535 varie
1279 2500 1472 2548 usurpavit,
1497 2503 1604 2549 quain

168 2580 271 2606 nemo
291 2576 396 2616 poeta
432 2570 535 2606 alius.
586 2571 702 2614 ¹Vide
733 2570 837 2606 infra.
895 2571 1013 2617 Atque
1039 2570 1083 2606 de
1121 2569 1282 2607 omnibus
1309 2570 1367 2606 his
1404 2571 1512 2607 rebus
1547 2583 1604 2607 ac-

170 2639 325 2675 curatius
354 2639 448 2675 infra
472 2640 720 2687 disputabitur.
787 2639 910 2675 Liceat
933 2641 1053 2674 autem
1080 2638 1140 2674 hie
1162 2638 1201 2674 in
1229 2639 1406 2685 prooemio
1431 2651 1475 2676 ea
1497 2639 1604 2676 etiam
