1745 2916
744 176 980 214 —25-

157 278 232 308 erat
256 276 396 317 potare,-
423 270 460 313 ΙΙ,
483 269 518 314 4,
545 269 592 306 76
615 272 733 306 vitium
759 277 810 307 εει
833 274 939 314 dare,·
965 271 1068 319 epist.
1094 273 1119 316 l,
1147 271 1178 316 1,
1202 271 1249 308 42
1274 274 1382 308 virtus
1409 277 1459 307 est
1481 273 1600 307 eitiunt

153 344 272 388 sugere
302 347 333 375 et
365 342 538 384 sapientia
568 343 686 385 prima
710 330 865 377 Stultitia
890 344 1043 378 caruisse
1067 342 1115 378 ib.
1141 341 1213 378 61:
1252 343 1307 377 hic
1328 354 1446 393 ntum
1472 353 1599 377 meus

154 417 224 446 εειο
237 422 248 444 .·
281 410 332 444 nil
363 410 514 444 conscire
541 411 610 445 sibi
636 412 733 446 nulla
760 412 951 457 pallescere
976 412 1096 456 eulpa,
1130 422 1222 459 quae
1244 411 1351 447 verba
1375 410 1597 447 Meineokius

153 474 325 515 immerito
348 478 487 514 videtur
512 479 677 524 eieciss03
703 481 805 527 epist.
827 482 849 524 Ι,
861 480 895 522 6,
913 481 929 516 1
956 482 1019 517 Nil
1039 482 1210 516 admirari
1228 492 1337 525 prope
1351 493 1407 515 res
1432 486 1482 515 εει
1504 492 1596 522 una,-

155 549 177 591 Ι,
202 547 235 589 7,
259 546 306 583 35
341 548 418 582 taus
454 553 503 582 εει
530 550 744 594 principibus
772 551 968 594 plantate,-
1001 562 1032 585 a.
1055 562 1090 596 p.
1116 550 1189 587 309
1219 551 1426 594 principium
1460 556 1493 584 et
1515 551 1596 595 sons

153 623 202 653 εει
225 627 370 673 sapere;
401 616 449 651 ib.
475 615 547 653 396
571 620 744 662 sapientia
764 622 833 665 suit
858 631 1057 660 secernere.-
1090 621 1305 656 Pronomen:
1342 622 1410 656 sat.
1436 621 1473 662 ΙΙ,
1487 619 1522 662 3,
1547 619 1591 654 41

152 688 332 730 inquiram,
357 687 438 730 quid
463 688 510 721 sit
530 682 646 731 furere
657 700 669 732 3
704 671 861 729 Verbuni
876 683 1045 741 'additum
1069 690 1125 725 est
1149 684 1221 726 satss
1239 691 1263 730 Ι,
1292 689 1323 733 1,
1340 689 1389 725 77
1413 690 1476 724 hoc
1501 691 1597 724 iuvat

152 757 399 801 reformidare,-
435 757 472 799 ΙΙ,
498 755 533 799 5,
559 755 605 793 73
632 741 773 794 mineat
795 757 867 801 hoc,
904 761 965 794 sed
985 761 1090 794 vincit
1116 761 1214 805 lonye
1239 770 1457 805 eapuqnarm
1490 757 1594 805 epist.

154 827 176 869 Ι,
204 824 258 868 17,
283 824 305 861 3
331 827 468 870 attingit
503 828 626 861 sotium
648 829 742 863 Iovis
776 835 810 863 et
847 830 1009 864 coelestia
1039 835 1144 864 tentat
1176 841 1232 864 res
1270 840 1389 873 yerere
1419 835 1452 864 et
1477 834 1595 873 captos

152 895 327 930 ostendere
352 896 479 930 civibus
511 896 636 930 Ιιοειεε·

270 965 360 1000 Tum
391 964 555 1006 infinitus,
588 964 741 1001 subiecti
769 969 868 1002 tenet
901 966 1036 1009 locum,
1070 966 1102 1001 si
1124 966 1267 1002 iunctus
1292 968 1348 1002 est
1373 977 1453 1001 eum
1476 964 1594 1000 verbis

149 1033 452 1079 impersonalibus,
477 1045 548 1080 qua
570 1033 706 1070 ratione
730 1035 816 1070 Hor.
841 1046 912 1070 nou
936 1046 1014 1070 raro
1038 1046 1125 1070 usus
1152 1038 1216 1071 est.
1268 1037 1320 1070 Ao
1343 1033 1497 1080 primum
1520 1033 1597 1080 qui-

151 1103 231 1139 dem
262 1104 340 1139 licet
374 1114 480 1148 saepe
512 1102 691 1139 invenitur
718 1104 764 1139 ad
789 1103 889 1141 euius
915 1083 1112 1148 &alogiam
1134 1107 1241 1150 poeta
1263 1103 1362 1139 verbi
1384 1102 1595 1139 substantivi

91 1197 94 1199 >
149 1172 296 1207 formam
322 1178 371 1206 εει
394 1173 565 1216 usurpat:
598 1174 664 1206 sat.
690 1173 712 1214 Ι,
737 1171 771 1215 2,
799 1172 864 1208 101
893 1179 943 1207 εει
965 1174 1102 1214 videre,·
1131 1174 1152 1215 Ι,
1167 1172 1202 1215 5,
1226 1171 1273 1208 87
1300 1183 1369 1207 non
1386 1178 1436 1206 εει
1461 1174 1594 1216 dicere;

151 1240 254 1286 epist.
283 1241 310 1283 I,
340 1241 373 1284 1,
394 1239 441 1276 32
463 1246 513 1275 εει
531 1242 694 1284 prodire,-
721 1239 849 1284 17,,26
877 1251 984 1285 neque
1009 1247 1058 1276 εει
1084 1242 1218 1283 ιευανες
1244 1242 1267 1284 Ι,
1285 1239 1319 1284 2,
1345 1239 1417 1277 79:
1443 1246 1493 1275 εει
1512 1242 1593 1285 plus

148 1311 289 1345 haurire
321 1320 422 1354 quam
445 1311 635 1353 decerpere.
695 1311 884 1347 Praeterea
905 1310 1185 1357 impersonaliter
1208 1322 1289 1346 eum
1310 1310 1448 1346 infinito
1475 1309 1595 1345 iunxit

149 1380 278 1416 haecce
303 1380 428 1416 verba:
454 1382 619 1424 prodesse
642 1381 744 1427 (ter),
772 1382 929 1424 expedire
944 1379 1044 1427 (bis),
1062 1382 1239 1415 convenire
1257 1379 1382 1426 (semel
1397 1391 1430 1415 ε..
1443 1392 1479 1425 p.
1493 1378 1594 1425 225),

150 1450 294 1484 attinere
308 1448 409 1493 (bis),
433 1451 577 1492 pertinet
594 1442 695 1495 (bis),
715 1451 908 1493 contingere
926 1448 1022 1495 (ter),
1045 1456 1153 1484 restat
1172 1449 1281 1485 semel
1299 1447 1420 1496 (epist.
1436 1449 1459 1491 1,
1473 1447 1506 1488 6,
1524 1447 1590 1492 273

148 1517 194 1553 ef.
222 1517 329 1554 etiam
354 1517 457 1563 epist.
478 1519 499 1560 Ι,
530 1517 560 1561 1,
587 1517 663 1564 17),
687 1521 805 1554 decere
832 1518 984 1566 (octies).
1040 1518 1287 1561 Substantia,
1314 1529 1392 1553 cum
1415 1529 1487 1552 esse
1514 1529 1594 1553 eon-

145 1586 274 1629 iuneta,
297 1585 579 1632 impersonaliter
599 1589 813 1633 usurpantur
838 1588 946 1623 haee:
987 1598 1071 1631 opus
1097 1594 1147 1622 εει
1176 1587 1276 1633 (bis),
1299 1598 1423 1631 operae
1445 1588 1594 1630 pretium

148 1662 197 1691 est
226 1657 295 1701 (ter
317 1656 357 1691 in
381 1657 455 1699 sat„
480 1656 590 1692 semel
613 1656 652 1692 in
676 1656 807 1703 epist),
831 1659 890 1702 sas
912 1664 944 1692 et
964 1659 1065 1702 nefas
1089 1656 1245 1705 (octies).
1279 1656 1462 1693 Adiectiva
1484 1659 1522 1693 et
1534 1656 1594 1692 ad-

146 1725 265 1759 verbia
290 1726 413 1760 eodem
440 1736 537 1759 nexu
555 1725 695 1769 positu:
728 1737 874 1760 necesse
898 1729 954 1760 est
979 1726 1064 1771 (bis)
1078 1752 1087 1767 ‚
1114 1728 1256 1771 difficile
1281 1733 1331 1760 εει
1354 1728 1465 1760 dicere
1491 1726 1536 1769 (a.
1555 1737 1589 1770 p.

150 1792 245 1840 128),
271 1796 394 1829 durum
422 1802 472 1830 εει
498 1794 580 1838 (sat.
607 1796 631 1838 Ι,
654 1793 688 1838 9,
713 1793 788 1842 42),
813 1797 899 1831 utile
925 1795 1047 1841 (epist.
1073 1797 1111 1839 ΙΙ,
1135 1795 1170 1839 2,
1199 1795 1264 1832 141
1293 1794 1420 1842 sequ),
1449 1805 1591 1840 aequum

148 1870 198 1898 est
223 1865 423 1899 descendere
451 1867 517 1901 sat.
545 1865 568 1906 1,
592 1863 626 1906 2,
652 1863 709 1900 34.
760 1864 860 1902 Quae
885 1877 1006 1900 omnes
1029 1866 1215 1900 verborum
1237 1864 1513 1900 consociationes
1538 1876 1591 1899 re-

147 1931 257 1968 deunt
289 1932 335 1968 ad
366 1931 528 1968 notiones
561 1944 662 1977 posse
687 1933 744 1969 vel
771 1935 908 1975 debere3
941 1934 1047 1970 verbo
1071 1935 1156 1969 velle
1181 1934 1250 1972 hac
1272 1936 1357 1970 sunt
1380 1932 1521 1969 notione
1546 1932 1591 1968 si-

144 2001 266 2036 miles:
299 2004 393 2037 ιἰιυαι
414 2001 637 2049 (undecies),
663 2004 743 2038 libet
768 2004 872 2049 (ter),
904 2005 1020 2048 placet
1047 2004 1168 2047 (earm.
1192 2005 1216 2046 1,
1243 2001 1302 2047 38,
1330 2003 1408 2047 11),
1446 2004 1590 2036 delectat

147 2069 259 2113 (bis),
287 2072 382 2114 piget
418 2071 536 2116 (epod.
569 2071 633 2114 16,
658 2070 741 2118 27),
767 2074 874 2116 pudet
898 2071 1003 2118 (bis),
1037 2079 1164 2117 tempus
1190 2079 1240 2107 εει
1265 2074 1335 2113 (ter
1359 2083 1389 2106 e.
1421 2072 1442 2113 Ι,
1468 2069 1526 2112 37,
1552 2069 1588 2112 3,

144 2142 208 2175 sat.
227 2141 264 2182 ΙΙ,
283 2139 318 2183 4,
339 2138 374 2182 2,
400 2139 501 2185 epist.
521 2141 559 2183 11,
572 2140 606 2183 2,
630 2140 728 2186 215),
754 2143 874 2176 mlius
902 2148 952 2176 εει
979 2141 1147 2188 (quater),
1174 2143 1270 2176 dulce
1289 2142 1387 2185 (ter),
1408 2141 1589 2183 pulchrum

145 2207 261 2253 (epist.
282 2209 305 2247 Ι,
329 2207 363 2251 2,
392 2207 476 2252 30),
511 2220 615 2243 suat-e
642 2210 721 2254 (sat.
748 2210 769 2252 Ι,
795 2209 826 2252 1,
846 2209 929 2254 51),
956 2216 1051 2254 turpe
1078 2209 1184 2255 (bis),
1212 2211 1371 2244 miserum
1398 2209 1476 2253 (sat.
1505 2208 1528 2250 Ι,
1552 2207 1587 2250 2,

146 2274 249 2323 134),
273 2279 440 2321 puerilius
468 2276 578 2323 (esse)
605 2289 721 2312 amare
746 2279 825 2322 (sat.
851 2279 894 2320 ΙΙ,
916 2277 949 2320 3,
974 2277 1070 2324 250).
1097 2298 1145 2303 -
1167 2279 1332 2312 Thracum
1358 2283 1409 2311 εει
1431 2288 1589 2321 puynare

142 2356 170 2380 e.
193 2347 217 2389 Ι,
241 2345 300 2390 27,
325 2344 368 2390 2;
402 2348 614 2381 miserarum,
635 2353 684 2382 εει
711 2349 906 2382 exanimari
927 2359 957 2383 c.
997 2348 1047 2390 ΙΙΙ,
1070 2346 1124 2390 12,
1153 2347 1207 2390 1);
1253 2348 1371 2382 insani
1399 2353 1448 2381 εει
1471 2357 1590 2391 gerere

142 2417 205 2450 sat.
221 2416 258 2457 ΙΙ,
272 2414 306 2457 3,
333 2414 397 2459 74;
435 2427 504 2449 non
531 2422 580 2450 est
604 2426 712 2450 meum
739 2418 917 2450 decurrere
941 2422 972 2450 et
991 2418 1126 2460 pacisci
1152 2427 1256 2452 carm.
1278 2416 1329 2458 ΙΙΙ,
1344 2414 1403 2458 29,
1417 2414 1475 2458 59,
1496 2427 1588 2462 quae

140 2484 325 2519 verborum
369 2484 644 2520 consociationes
676 2487 824 2530 excepta
850 2485 1005 2520 secunda
1037 2485 1171 2520 habent
1202 2484 1271 2520 vim
1302 2484 1401 2520 verbi
1437 2484 1588 2520 solendi.

140 2551 305 2599 Denique
333 2553 489 2590 formula
523 2556 611 2589 satis
642 2560 691 2588 εει
714 2552 824 2589 octies
847 2564 927 2588 cum
953 2553 1089 2589 infinito
1116 2553 1332 2599 praesentis,
1371 2553 1484 2589 semel
1509 2565 1590 2589 cum

138 2619 275 2656 infinito
301 2623 391 2667 pert.
417 2621 463 2668 (a.
486 2634 522 2667 p.
548 2622 636 2668 416)
666 2622 850 2658 coniuncta
871 2620 1059 2657 invenitur.
1284 2625 1285 2630 ’
