1745 2916
0 0 381 49 Wuv-w---w
387 0 431 12 vva-5
438 0 472 5 ww
528 0 538 2 ν
545 0 659 10 :ww—axv«
666 0 728 5 τπ-
738 0 868 12 ...w-w.
875 0 1046 35 <vu-*ww*-

9 68 11 70 v
103 63 108 74 Ι

736 160 976 197 -21-

136 275 252 301 cereus
282 272 364 298 eum
385 260 452 296 inf.
479 260 641 294 iunctum
659 260 728 294 hoc
753 259 875 301 mod03
912 259 1079 292 Imber-bis
1100 259 1230 291 iuvenis
1260 258 1382 291 Cereus
1408 257 1446 290 in
1457 257 1578 290 vilium

133 335 223 380 flocti
249 329 298 378 (a.
320 341 354 376 p.
371 327 458 375 161)
475 327 490 363 i
509 338 543 363 e.
565 326 716 371 iuvenis,
742 326 802 374 qui
820 337 921 362 cerae
945 324 1058 362 instar
1073 324 1240 362 facillime
1257 326 1303 361 ad
1315 324 1442 362 vitium
1457 325 1577 370 potest

131 401 272 440 moveri.
348 399 406 434 Of.
431 397 646 433 Graecorum
687 394 888 440 εὕπλαστος
924 396 1020 441 apud
1038 395 1143 431 Arist.
1171 396 1265 440 poet.
1289 397 1320 430 Ἰ.
1347 395 1382 438 7,
1406 393 1441 438 2,
1468 405 1576 441 quem

135 473 260 509 locum
287 467 448 515 apposite
476 465 627 502 contulit
647 465 815 501 Orellius.
880 464 973 501 Vide
995 464 1104 500 etiam
1127 476 1156 500 c.
1183 464 1241 501 IV.
1270 462 1325 508 12,
1354 463 1418 499 17:
1460 465 1576 499 Nar-di

131 550 263 586 parvus
301 548 393 580 onyx
418 535 530 570 elil-iet
556 537 696 578 cadem,
742 537 801 579 qui
824 546 914 569 nunc
937 535 1100 578 Sulpiciis
1127 536 1270 569 accubat
1289 535 1434 568 horreis.
1486 534 1572 577 Spes

133 612 263 645 donare
286 616 395 641 novas
409 606 545 649 Larum
569 612 757 648 amaraque
786 614 945 638 cur-arum
968 604 1079 637 eluere
1103 603 1238 648 efficax.
1287 601 1384 637 Dicit
1407 602 1474 637 hoc
1497 601 1574 637 loco

131 676 298 715 Horatius
326 674 404 711 cadi
417 701 425 717 ,
459 673 518 711 vel
552 672 671 721 potius
694 672 768 709 vini
783 699 792 716 ,
831 672 927 720 quod
946 672 985 707 in
1010 681 1052 707 eo
1070 673 1134 716 est,
1159 682 1238 707 esse
1261 673 1424 707 naturam
1444 672 1574 707 multas

131 758 212 794 spes
238 745 352 792 (lm-go
378 755 410 779 c.
433 745 464 786 Ι,
488 742 523 786 9,
550 741 596 790 5)
617 743 759 778 donare.
807 743 878 777 Sat.
916 742 963 785 11,
987 741 1022 785 8,
1048 740 1117 777 23:
1158 742 1300 775 Porcius
1325 760 1373 766 —
1398 742 1574 775 Ridiculus

131 823 219 852 totas
245 815 348 850 simul
376 814 559 848 absorbere
582 814 783 856 placentam
813 811 838 846 i.
865 823 895 846 e.
936 810 999 858 qui
1022 810 1173 846 ridicule
1198 809 1290 846 totas
1314 810 1496 856 placentas
1516 810 1575 845 ab·

130 884 271 919 sorbere
308 881 408 917 solet.
459 882 544 915 Cum
571 880 708 916 infinito
733 881 824 925 perf.
862 892 904 915 eo
928 880 1031 914 modo
1057 879 1241 914 coniunxit
1265 879 1349 914 Hor.
1375 878 1443 913 adi.
1467 890 1575 912 vera-r

131 965 159 988 c.
185 964 212 987 s.
239 949 308 986 25:
333 960 479 994 ver-aeas¹
499 951 672 984 cecinisse.
713 948 770 985 Of.
792 947 898 985 etiam
921 960 948 984 c.
973 949 998 992 l,
1027 947 1081 992 12,
1112 947 1175 992 11;
1210 959 1238 983 c.
1265 960 1294 983 s.
1323 946 1380 983 13.

250 1060 421 1097 Videmus
445 1070 566 1096 omnes
590 1060 656 1111 lios
679 1059 795 1103 locos,
826 1070 915 1106 quos
939 1058 1100 1105 proxime
1126 1056 1273 1100 contuli,
1298 1069 1320 1092 a
1344 1056 1471 1092 Latino
1499 1067 1569 1092 ser-

126 1144 227 1168 mone
262 1130 515 1178 quodammodo
545 1130 734 1165 abhorrere
768 1131 805 1165 et
831 1128 945 1174 magis
971 1128 1184 1164 Graecorum
1208 1140 1305 1164 more
1332 1139 1411 1163 esse
1439 1128 1574 1163 confor-

125 1203 246 1237 matos.
298 1199 369 1235 Sed
394 1200 464 1235 duo
491 1198 643 1245 denique
670 1198 835 1244 exempla.
857 1198 1036 1234 afferenda
1062 1201 1155 1241 sunt,
1181 1197 1312 1245 quibus
1327 1200 1469 1243 poetam
1496 1197 1573 1242 (ex-

77 1289 79 1292 <
123 1273 258 1305 ternam
285 1268 442 1315 quoque)
469 1268 625 1303 Graecae
649 1267 817 1303 orationis
840 1268 987 1303 formam
1012 1267 1225 1302 adhibuisse
1249 1267 1374 1313 liquet.
1401 1266 1572 1302 Solebant

124 1340 226 1384 enim,
253 1341 296 1375 ut
324 1342 446 1375 notum
473 1341 546 1382 est,
585 1338 712 1375 Graeci
738 1341 864 1385 poetae
895 1338 1227 1390 pertpleonasmum
1259 1337 1435 1384 quendam
1454 1336 1571 1372 infini-

123 1410 222 1451 tivos,
249 1409 313 1455 qui
337 1413 423 1444 sunt
448 1410 550 1448 ἰδεῑν,
586 1412 787 1454 φαίνεσθαι
822 1407 981 1453 aliosque
1022 1406 1205 1442 adjectivis
1241 1406 1406 1441 sensibus
1426 1405 1571 1440 subiec-

123 1477 170 1513 tis
194 1476 399 1522 adiungere.
441 1477 496 1512 Cf.
523 1476 618 1518 11.·υ,
648 1475 714 1513 131
730 1454 745 1511 z⁸
774 1477 921 1525 χαλεποὶ
957 1475 994 1513 δὲ
1028 1480 1114 1513 θεοι
1151 1477 1355 1520 φαίνεσθαι
1388 1459 1573 1523 ἔναργεῖςς

125 1548 281 1592 Odyssee
303 1546 337 1589 6,
362 1546 407 1581 4:
435 1544 529 1591 μάλα
555 1547 665 1594 μέγας
689 1541 737 1594 ἦν
766 1543 971 1595 ὅριίασθαις
1007 1545 1172 1591 Aeschyl.
1197 1546 1298 1581 Pers.
1322 1544 1413 1580 396:
1458 1544 1571 1590 ἐκφα-

126 1620 199 1660 νεῖς
222 1617 323 1654 ἰδεῖν.
348 1615 459 1661 (Vide
478 1616 608 1651 Bernh.
636 1617 718 1662 synt
744 1626 793 1659 gr.
821 1626 855 1661 p.
879 1613 979 1661 360.)
1016 1613 1133 1652 Quam
1158 1614 1450 1649 consuetudinem
1472 1625 1570 1649 secu-

123 1689 180 1720 tus
217 1685 358 1732 scripsit
380 1686 464 1721 Hor.
492 1697 520 1720 c.
548 1685 605 1727 lv,
627 1684 661 1728 2,
686 1684 733 1720 57
758 1687 877 1719 niveus
904 1686 1016 1719 videri
1048 1686 1086 1719 et
1110 1696 1141 1719 c.
1167 1685 1190 1726 Ι,
1219 1682 1274 1725 12,
1300 1683 1347 1718 25
1420 1685 1496 1719 Urit
1518 1695 1570 1717 me

126 1753 291 1796 Glycerae
315 1755 409 1788 nitor
435 1759 467 1788 et
487 1754 601 1788 vultus
628 1755 770 1788 nimium
795 1754 944 1787 lubricus
973 1754 1120 1796 auspici.
1191 1751 1375 1787 Eiusmodi
1406 1751 1569 1797 exempla

124 1825 205 1857 ante
231 1822 421 1867 Virgilium
452 1825 553 1865 (Aen.
588 1823 646 1866 Vl,
672 1822 719 1858 45
746 1822 837 1870 seq.)
871 1824 909 1857 et
933 1822 1120 1857 Horatium
1152 1834 1223 1856 non
1247 1821 1487 1857 inveniuntur.
1537 1824 1567 1856 A

122 1891 324 1936 posterioris
350 1904 432 1928 vero
458 1891 583 1927 aetatis
606 1891 722 1937 poefis
748 1891 890 1934 infiniti,
918 1891 980 1937 qui
1006 1894 1089 1926 sunt
1113 1894 1225 1927 viden·
1247 1894 1359 1935 aspici
1383 1895 1476 1927 cerm·
1495 1905 1567 1928 non

122 1971 199 1996 raro
220 1973 262 1996 eo
286 1961 390 1997 modo
417 1963 501 1996 sunt
522 1960 696 2007 usurpati.
723 1960 780 1996 cf.
805 1961 937 1996 Lucan.
967 1961 1017 2003 ΙΙΙ,
1053 1959 1143 2002 347;
1179 1962 1267 1999 stat.
1292 1964 1403 2000 Theb.
1430 1965 1473 2008 V,
1497 1960 1567 2003 40;

123 2028 179 2072 Vl,
205 2028 287 2073 843,
311 2029 387 2065 silv.
410 2029 456 2073 Π,
482 2029 513 2073 1,
537 2028 615 2067 168.

242 2124 410 2180 vVidimus
436 2137 542 2172 quam
566 2124 678 2161 multa
702 2128 738 2161 et
764 2137 870 2172 quam
890 2125 987 2161 vai-ia
1012 2125 1184 2162 adiectiva
1216 2127 1300 2163 Hor.
1326 2139 1405 2162 cum
1428 2128 1565 2164 infinito

123 2191 289 2228 iunxerit.
342 2195 463 2241 ltaque
491 2196 586 2230 recte
609 2195 681 2230 iam
706 2194 779 2230 lani
803 2193 879 2241 (Ar.
904 2207 938 2241 p.
967 2194 1034 2231 140
1057 2196 1111 2241 p.)
1137 2195 1382 2232 animadvertit
1398 2198 1489 2233 hanc
1514 2198 1566 2233 di-

122 2262 223 2297 cendi
247 2264 538 2299 consuetudinem
561 2264 700 2299 nullum
725 2265 837 2309 magis
860 2265 899 2299 in
913 2264 1050 2299 deliciis
1065 2265 1234 2300 habuisse
1248 2277 1354 2312 quam
1367 2266 1563 2303 Horatium.

122 2331 249 2377 Neque
275 2332 371 2367 enim
389 2333 428 2367 in
442 2332 600 2367 Lucretii
625 2336 687 2368 aut
703 2333 834 2368 Catulli
859 2336 922 2368 aut
934 2333 1068 2368 Tibulli
1092 2333 1192 2368 libris
1203 2334 1262 2368 hic
1273 2346 1361 2369 usus
1373 2338 1447 2370 tam
1459 2347 1566 2383 saepe

122 2401 285 2445 occurrit,
310 2414 415 2449 quam
440 2402 479 2437 in
492 2402 636 2448 Virgilii
660 2400 697 2439 et
719 2402 1075 2439 maximeinHoratii
1088 2404 1270 2449 poematis,
1293 2417 1382 2451 quos
1397 2407 1566 2451 posterio-

121 2479 177 2503 res
202 2472 328 2525 poetae
353 2470 467 2506 secuti
498 2474 583 2507 sunt
614 2483 684 2507 non
718 2482 802 2507 raro*
826 2472 914 2507 fines
939 2454 1049 2506 huius¹
1082 2473 1349 2508 consuetudinis
1371 2486 1566 2521 propagan-

121 2540 185 2573 tes.
247 2541 368 2588 ltaque
400 2554 471 2578 non
502 2542 659 2577 alienum
688 2541 850 2577 videatur
884 2541 952 2577 hoc
983 2541 1060 2577 loco
1087 2554 1129 2577 ea
1152 2542 1325 2579 adiectiva
1345 2556 1564 2592 componere,

122 2607 250 2653 quibus
273 2609 441 2646 Horatius
464 2610 598 2657 primus
624 2610 802 2647 infinitum
827 2610 1020 2647 subiecisse
1053 2612 1232 2658 putandus
1258 2616 1333 2656 est,
1373 2626 1464 2661 quae
1493 2627 1565 2651 non
