1745 2916
739 111 976 148 -24-

142 209 238 243 cadit
262 208 301 243 in
325 209 472 243 verbum
498 210 660 251 eoqendi:
685 208 730 244 cf.
758 220 788 242 c.
816 209 868 250 ΙΙΙ,
896 207 952 249 15,
985 207 1029 242 12
1053 210 1146 252 cogit
1167 210 1266 243 illam
1284 210 1431 251 indm,-
1462 211 1531 246 sat.
1555 211 1582 254 Ι,

135 277 169 320 4,
196 276 243 313 37
269 279 306 312 et
331 275 419 321 143;
444 278 509 312 sat.
534 278 556 319 Ι,
582 276 616 320 6,
645 276 713 321 37;
740 276 843 323 epist.
869 277 890 317 Ι,
915 275 949 319 6,
970 275 1037 321 91;
1067 275 1122 320 16,
1144 276 1210 320 74;
1234 289 1266 313 a.
1290 289 1324 324 p.
1350 276 1444 322 4083
1464 289 1581 323 eoam·

137 350 222 381 aare
241 359 269 382 c.
296 348 320 389 1,
344 346 402 389 34,
427 345 468 387 4;
495 346 540 381 cf.
563 348 628 381 sat.
654 348 677 388 Ι,
708 346 739 389 1,
767 346 822 387 71.
867 346 1000 382 earm.
1037 347 1059 389 Ι,
1091 345 1126 389 2,
1160 345 1228 388 28;
1261 357 1363 391 pem
1396 350 1464 391 ⁸9²²
1491 349 1580 383 altos

133 419 243 452 visere
267 422 397 451 montes
431 415 491 460 (ad
521 417 659 451 montes
683 414 886 461 visendos);
919 427 946 451 c.
981 415 1032 457 ΙΙΙ,
1059 414 1092 459 7,
1119 414 1183 452 15:
1221 417 1450 460 cumpulerit
1474 422 1581 453 malu-

135 497 215 520 rare
239 496 365 521 necem.

259 555 327 590 Pro
356 553 542 600 participio
588 553 701 589 futuri
740 553 873 600 passivi
921 555 1114 601 usurpatur
1151 552 1312 591 infinitus
1346 554 1446 592 hisce
1472 555 1579 593 locis:

134 636 237 660 carm.
262 623 287 666 1,
311 622 369 663 26,
395 622 438 659 3:
466 625 603 657 tradam
624 629 767 667 portare
792 626 901 659 ventis
928 625 1106 659 tristitiam
1129 629 1162 659 et
1182 630 1288 660 melus
1320 624 1471 670 (tradam
1499 637 1582 662 ven-

134 694 181 729 tis
201 693 410 739 portandam
432 692 525 730 trist.
550 695 589 727 et
612 694 730 736 met.);
757 694 824 728 sat.
840 694 864 736 Ι,
894 692 924 736 1,
951 691 1018 728 52:
1044 694 1133 727 Dum
1149 702 1310 737 expaveo
1336 695 1435 729 uobis
1448 700 1579 730 mulua-

140 766 217 798 dem
243 764 384 798 haurire
409 763 596 806 relinquas.
649 761 766 797 Simili
793 762 895 798 modo
919 763 1024 808 poeta
1057 774 1138 798 cum
1173 762 1280 799 verbo
1314 763 1484 800 censendi
1506 764 1573 801 inf.

133 832 238 868 activi
261 831 447 868 coniunxit
472 831 574 877 epist.
609 832 632 874 Ι,
664 830 698 874 2,
737 831 778 867 9:
826 831 978 866 Antenor
1012 837 1124 867 censet
1154 834 1235 867 belli
1265 834 1467 876 praecidere
1503 845 1579 869 cau·
1614 834 1617 837 '

132 913 207 936 sam
231 901 333 948 (belli
355 899 586 947 praecidendi
609 912 688 937 esse
715 900 885 948 causam),
910 912 1002 948 quae
1017 902 1136 937 tamen
1159 901 1345 938 verborum
1369 902 1580 939 consociatio

130 971 353 1017 praegnanti,
378 974 421 1006 ut
442 971 495 1006 ita
516 970 641 1013 dicam,
666 970 764 1005 verbi
789 970 958 1006 censendi
991 970 1247 1014 significatione
1282 971 1489 1016 explicanda
1516 974 1579 1008 est.

130 1040 230 1075 Sicut
253 1039 348 1075 enim
372 1040 519 1075 verbum
547 1040 642 1086 quod
667 1041 723 1074 est
745 1041 858 1074 videri
883 1050 989 1084 saepe
1015 1038 1067 1073 ita
1089 1041 1290 1085 usurpatur,
1326 1042 1368 1076 ut
1391 1040 1487 1076 idem
1521 1053 1580 1077 va-

126 1110 231 1152 lleat,
259 1109 355 1156 quod
381 1119 524 1153 aequum
559 1109 631 1143 sive
658 1110 780 1142 bonum
796 1110 923 1151 videri,
953 1108 1004 1144 ita
1027 1109 1094 1143 hoc
1121 1108 1198 1144 1000
1226 1109 1373 1144 verbum
1408 1111 1578 1145 censendi

126 1179 223 1213 idem
245 1178 363 1213 valere
388 1177 536 1215 videtur,
559 1177 655 1224 quod
677 1188 830 1223 aequum
855 1180 985 1213 censet.
1061 1176 1263 1212 Verisimile
1298 1178 1487 1213 admodum
1523 1181 1579 1214 est

128 1247 274 1283 Horatio
303 1247 456 1282 Graecos
479 1247 679 1282 obversatus
706 1258 796 1289 esse,
823 1245 886 1292 qui
909 1247 951 1280 ut
974 1245 1200 1294 Heindorfius
1225 1246 1372 1284 adffPlat.
1383 1248 1477 1283 Prot.
1495 1259 1576 1293 pag.

128 1316 199 1353 343
223 1316 430 1359 observavit,
454 1315 570 1351 verbis
597 1312 784 1364 ἡγεῖσθαι,
815 1317 949 1359 δοκεῖν,
979 1314 1156 1351 similibus
1178 1316 1325 1352 eandem
1351 1316 1578 1353 subiecerunt

125 1387 316 1433 notionem.
366 1386 514 1421 Diversa
540 1389 659 1421 autem
683 1388 785 1428 sunt,
818 1397 908 1432 quae
932 1385 1101 1430 leguntur
1134 1385 1236 1432 epist.
1273 1387 1295 1426 Ι,
1330 1386 1365 1429 9,
1391 1386 1426 1422 5.
1494 1388 1576 1423 Huc

126 1456 244 1490 refero
271 1455 378 1490 etiam
401 1454 509 1489 verba
539 1466 629 1500 quae
665 1456 749 1489 sunt
785 1455 921 1489 hortari
954 1456 990 1489 et
1025 1460 1144 1498 optare
1179 1441 1259 1489 cum
1290 1455 1429 1491 infinito
1454 1455 1576 1492 iuncta

129 1525 231 1571 epist.
260 1525 284 1567 l,
312 1524 343 1566 1,
376 1523 442 1560 69:
479 1535 525 1557 an
557 1526 615 1567 qui
646 1526 808 1568 fortunae
843 1530 874 1558 ce
910 1534 1118 1566 responsare
1157 1526 1324 1567 superbae
1356 1526 1512 1560 Liberum
1544 1533 1576 1560 el

127 1600 272 1628 erectum
288 1603 456 1636 praesens
479 1593 638 1626 hortatur
663 1599 693 1626 et
719 1597 828 1636 aptat.
899 1592 934 1626 N
935 1603 991 1626 am
1014 1592 1159 1627 verbum
1181 1593 1326 1639 aptandi
1348 1593 1506 1639 postulat
1529 1597 1576 1629 ad

126 1675 207 1698 cum
231 1661 414 1707 gei-undio.
468 1662 539 1697 Sed
561 1661 745 1706 mitigasse
768 1661 907 1697 videtur
936 1661 1104 1697 Horatius
1138 1663 1323 1698 verborum
1345 1663 1572 1699 consociatio-

124 1744 207 1766 nem
230 1743 321 1778 quae
349 1734 404 1765 est
427 1741 632 1774 responsare
658 1736 754 1774 aptat
776 1729 969 1775 praemisso
994 1731 1158 1765 hortandi
1180 1731 1298 1774 verbo,
1332 1731 1428 1779 quod
1452 1731 1483 1767 si
1503 1743 1574 1768 non

128 1814 235 1847 saepe
257 1804 295 1836 at
317 1803 412 1836 certe
435 1800 505 1843 hic,
531 1800 607 1835 illic
626 1812 707 1835 011111
729 1800 866 1835 infinito
890 1800 1052 1834 iunctum
1079 1800 1267 1837 invenitur.

225 1870 304 1904 Etsi
336 1871 511 1904 Romanos
542 1869 714 1914 imprimis
752 1869 932 1903 notionem
954 1868 1084 1903 infiniti
1111 1870 1475 1907 verbalemservasse
1495 1882 1575 1906 con·

125 1941 215 1982 stat,
232 1941 365 1988 ,tamen
400 1938 428 1973 ii
452 1950 493 1973 eo
529 1938 636 1973 etiam
670 1938 883 1973 substantivi
918 1938 1031 1973 instar
1058 1938 1163 1974 certis
1187 1939 1383 1975 rationibus
1410 1940 1467 1975 usi
1490 1943 1574 1975 sunt

122 2009 174 2044 ita
200 2011 320 2043 autem
347 2009 389 2042 ut
411 2007 618 2042 nominativi
643 2009 679 2042 et
695 2007 885 2042 accusativi
903 2007 1114 2051 fungeretur
1129 2008 1265 2043 vicibus
1329 2009 1455 2055 Neque
1478 2008 1572 2044 enim

120 2076 242 2112 Latini
268 2076 450 2111 habebant
473 2075 670 2115 articulum,
698 2076 760 2122 qui
783 2076 878 2121 apud
897 2076 1048 2111 Graecos
1076 2077 1121 2111 ad
1145 2076 1252 2112 huius
1277 2089 1364 2112 usus
1389 2078 1478 2113 fines
1493 2089 1572 2124 pro·

119 2146 281 2181 latandos
307 2145 458 2179 multum
483 2145 623 2179 videtur
646 2145 799 2179 valuisse
812 2171 821 2186 ,
846 2145 948 2179 cuius
972 2148 1091 2180 tamen
1114 2145 1190 2180 loco
1220 2145 1424 2181 Ciceronem
1447 2158 1570 2192 prono-

124 2226 207 2250 men
236 2217 347 2258 ipsum
370 2212 555 2248 infinitivis
582 2212 777 2248 subiecisse
800 2215 922 2248 notum
947 2216 1010 2248 est.
1059 2214 1227 2249 Horatius
1254 2214 1398 2261 quidem
1420 2214 1568 2257 infinito,

122 2283 300 2326 subiecto,
334 2282 577 2329 praedicatum
604 2281 742 2316 addidit
766 2283 871 2328 atque
894 2281 933 2316 id
958 2282 1100 2328 quidem
1121 2294 1168 2318 ex
1189 2283 1295 2318 verbo
1322 2286 1385 2319 aut
1408 2284 1570 2319 substan-

119 2353 190 2389 tivo
215 2355 277 2388 aut
302 2352 414 2388 subst.
443 2354 480 2386 et
500 2352 574 2400 adi.
593 2354 655 2386 aut
669 2363 825 2396 pronom.
854 2353 1026 2387 constans.
1067 2352 1351 2387 Substantivum:
1380 2364 1409 2387 0.
1426 2354 1493 2395 ΙΠ,
1508 2352 1566 2395 24,

119 2421 165 2457 24
188 2423 336 2466 prelium
360 2427 410 2456 est
434 2423 538 2461 mori;
571 2421 637 2462 ΠΙ,
664 2419 724 2462 25,
756 2419 798 2455 19
824 2422 920 2454 dulce
942 2422 1131 2464 periculum
1158 2427 1207 2455 est
1233 2423 1328 2465 sequi
1337 2434 1347 2462 ,·
1379 2422 1442 2464 IV,
1463 2421 1497 2464 4,
1518 2420 1565 2457 52

120 2502 203 2535 quos
228 2493 353 2536 fallere
379 2496 479 2534 alque
507 2493 652 2535 effuyere
680 2495 729 2524 est
756 2490 963 2532 triumphus,-
1000 2490 1101 2534 epod.
1131 2489 1185 2532 16,
1216 2489 1369 2527 17—,21
1398 2493 1496 2525 nulla
1521 2493 1565 2525 sit

119 2560 186 2594 hae
207 2561 323 2602 potior
349 2560 517 2593 sementia
540 2560 610 2598 ire,·
640 2561 696 2593 sat
741 2559 779 2599 ΙΙ,
805 2556 845 2592 21
876 2559 985 2592 virtus
1013 2560 1057 2592 sit
1080 2560 1212 2599 vivere,·
1248 2559 1285 2601 ΙΙ,
1313 2557 1347 2600 3,
1373 2558 1439 2594 123
1465 2560 1563 2593 ludus
